4466 6000
500 516 552 590 24
1254 509 1408 538 ““·“““““”

495 665 636 738 simam
655 668 742 737 inde
766 690 784 734 a
806 664 956 760 triginta
979 661 1055 734 fere
1077 662 1186 733 annis
1204 681 1463 730 mensurarum
1481 624 1762 760 ponderumque
1782 663 1906 736 omnis
1919 665 2069 762 ‘generis
2091 664 2185 738 for-

498 795 621 864 mulas
645 815 689 860 ex
709 790 814 860 omni
834 807 1013 860 terrarum
1030 790 1118 861 orbe
1133 787 1281 886 ingenti
1303 804 1432 858 sumtu
1449 792 1674 884 comportari
1694 791 1816 863 iussit.
1868 797 2015 864 Horum
2036 793 2184 866 discri-

497 919 602 990 mina
621 933 789 987 excutere
807 935 844 988 et
866 918 1075 990 examinare
1096 885 1334 1012 rationesque
1356 932 1482 986 exacte
1502 917 1602 987 inter
1623 943 1662 990 se
1683 917 1851 991 conferre
1870 921 2082 996 auctoritate
2107 921 2184 993 ad·

411 1117 417 1124 ,
499 1041 724 1141 monituque
743 1045 847 1123 illius
864 1044 1024 1118 Consilii
1046 1062 1173 1118 noster
1188 1043 1373 1132 instituit,
1400 1067 1444 1116 eo
1460 1043 1642 1117 libentius
1656 1071 1787 1144 operae
1801 1049 1889 1118 huic
1903 1074 2045 1136 vacans,
2062 1051 2183 1148 quod
2218 1075 2219 1080 ¹

498 1169 591 1242 inde
614 1173 836 1268 peculiarem
866 1195 1015 1270 quoque
1041 1173 1219 1245 usumin
1245 1197 1344 1245 nova
1353 1172 1578 1256 ,Mercatoris
1593 1175 1830 1272 computandis
1844 1177 2013 1254 Krusiaai
2026 1181 2065 1276 *)
2091 1181 2182 1251 edi·
2218 1229 2219 1286 ,

499 1302 605 1370 tione
627 1327 646 1371 a
669 1325 705 1372 se
728 1303 885 1374 curanda
907 1320 1081 1398 capturus
1103 1319 1207 1375 esset.
1258 1307 1396 1374 Verum
1413 1300 1546 1372 morbo
1567 1326 1658 1374 mcx
1676 1303 1880 1401 impeditus
1901 1333 1981 1381 non
2003 1311 2178 1382 multum
2218 1311 2219 1340 ¹

501 1427 669 1525 pr'ofecit.
733 1430 951 1529 Profligabit
974 1429 1143 1505 fortassis
1171 1414 1373 1527 aliquando
1400 1447 1437 1502 et
1465 1431 1566 1500 hunc
1595 1435 1947 1528 perpendendorum
1975 1463 2177 1512 mensurae

499 1555 752 1652 ponderisque
775 1559 916 1664 diversi
939 1561 1196 1654 exemplorum
1218 1559 1404 1646 laborem,
1442 1557 1627 1662 inchoatis
1648 1563 1972 1662 aBrodhagenio,
2011 1593 2105 1664 quae
2132 1571 2177 1642 in

452 1691 456 1696 “
499 1684 857 1784 tabulario'Collegii
872 1687 1014 1758 laudati
1026 1703 1279 1774 asservantur,
1307 1707 1461 1772 usurus,
1488 1687 1719 1786 profligabit,
1746 1685 1919 1787 inquam,
1946 1699 2099 1770 ethune
2120 1703 2178 1771 la·

501 1812 648 1897 boram,
670 1831 706 1882 et
721 1815 832 1882 illum
845 1814 1185 1917 instrumentorum
1202 1813 1291 1918 artis
1306 1815 1586 1888 mathematicae
1602 1819 1896 1896 ordinandorum
1911 1842 1947 1894 et
1963 1827 2178 1900 describen-

504 1937 641 2006 dorum
656 1937 703 2024 is,
729 1936 796 2034 qui
811 1938 1071 2036 Brodhagenio
1087 1943 1132 2012 'ex
1152 1941 1286 2012 merito
1303 1944 1501 2034 successit,
1525 1945 1586 2018 vir
1599 1947 1841 2022 doctissimus
1861 1970 1897 2023 et
1912 1957 2094 2050 propositi
2116 1975 2178 2028 te·

503 2063 741 2154 nacissimus,
769 2063 932 2161 appius,
946 2065 1114 2158 simulac,
1132 2067 1392 2172 quibuscum
1405 2071 1487 2154 eius
1503 2073 1654 2150 animus
1677 2077 1928 2182 distringitur,
1945 2083 2041 2156 cutis
2058 2081 2177 2156 fuerit

505 2191 663 2262 levatus.
1482 2191 1486 2198 ⁴

608 2321 790 2412 Superest,
804 2336 847 2389 ut
860 2316 901 2394 de
915 2319 1027 2396 altero
1037 2321 1278 2420 Brodhogeaii
1288 2349 1424 2405 munere
1435 2326 1574 2438 puplico
1589 2330 1767 2409 dicamus.
1804 2338 1958 2410 Etenim
1974 2355 2171 2446 postquam

505 2439 726 2539 professoris
752 2442 873 2517 officio
887 2449 930 2517 iu
947 2450 1152 2542 Gymnasio
1167 2455 1504 2534 recitationibus&
1514 2462 1789 2535 mathematicis
1805 2483 1843 2564 et
1856 2467 2022 2561 physicis
2037 2470 2172 2540 haben·

506 2570 565 2642 dis
590 2595 655 2664 per
675 2571 876 2644 biennium
895 2599 984 2646 cum
1004 2602 1153 2650 stimma
1175 2581 1249 2652 lide
1271 2599 1310 2651 et
1332 2584 1518 2684 religione
1533 2605 1609 2658 erat
1623 2587 1794 2676 functum
1819 2593 1863 2664 in
1881 2597 2003 2668 schola
2022 2622 2172 2695 quoquc

505 2705 691 2784 Joannea,
726 2723 819 2794 quae
849 2717 932 2770 tum
962 2702 1257 2793 instaurabatur,
1289 2709 1484 2784 Professor
1507 2716 1691 2790 Mathesis
1718 2737 1758 2790 et
1782 2723 1975 2800 literarum
1995 2751 2082 2798 cum
2104 2729 2170 2800 hac

506 2825 664 2896 arctiore
686 2801 876 2896 consortio
892 2827 1109 2900 iunctarum
1129 2857 1151 2902 a
1165 2832 1369 2910 reverendo
1383 2841 1554 2939 Collegio
1570 2815 1721 2919 tuendis
1734 2851 1874 2927 scholis
1887 2853 2067 2950 praefecto
2081 2884 2171 2953 pru·

511 2953 641 3021 denter
662 2949 801 3021 electus
823 2970 861 3022 et
884 2959 1039 3028 Senatus
1059 2959 1287 3055 amplissimi
1302 2965 1518 3036 auctoritate
1535 2953 2070 3057 honorificeestconfirmatus.
2123 2993 2171 3056 111

507 3099 583 3170 quo
603 3099 758 3143 munere
769 3077 1071 3150 administrando
1087 3107 1203 3177 quum
1220 3085 1368 3158 scholae
1382 3077 1542 3180 nostrae,
1567 3089 1675 3192 quam
1700 3100 2026 3204 dirigendamhuc
2039 3113 2170 3184 libera·

500 3203 649 3276 tissime
673 3220 849 3274 evocatus
883 3207 1011 3300 paullo
1040 3227 1129 3282 ante
1156 3234 1406 3307 susceperam,
1420 3223 1552 3292 'multa
1569 3223 1620 3294 ad
1636 3229 1799 3304 salutem
1818 3251 1858 3304 et
1876 3261 2002 3310 veram
2022 3242 2169 3314 laudem

509 3330 653 3428 egregia
668 3355 691 3398 a
707 3354 810 3401 novo
824 3329 989 3420 doctore,
1011 3338 1161 3430 qualem
1176 3339 1218 3410 in
1233 3341 1398 3415 Mathesi
1408 3333 1623 3425 Johnneum
1635 3355 1811 3429 nondum
1826 3361 1980 3454 viderat,
2005 3393 2089 3439 cum
2110 3395 2172 3464 pa·

509 3457 631 3526 tronis
651 3472 692 3526 et
712 3457 860 3550 optimo
880 3484 1037 3554 qrroque
1058 3488 1244 3560 sperarem
1252 3495 1264 3552 ;
1289 3468 1385 3543 heu!
1412 3475 1551 3546 mentis
1579 3478 1662 3551 eius
1686 3480 1858 3580 deliquio
1890 3515 1956 3586 per
1977 3495 2172 3569 intervalla

510 3583 690 3677 temporis
702 3583 1187 3674 redeunteetimheeillitate
1199 3594 1357 3692 ingenii,
1368 3602 1577 3691 memoriae,
1593 3603 1744 3704 linguae
1756 3613 1846 3686 hinc
1857 3641 1947 3688 mox
1958 3619 2172 3717 insequuta,

408 3709 413 3726 '
511 3731 592 3803 spes
608 3722 737 3780 nostra
749 3710 877 3782 subito
890 3729 949 3784 est
957 3714 1158 3816 intercepta
1167 3738 1276 3820 atque
1283 3721 1470 3816 frustrata,
1484 3732 1830 3828 quumvixannum
1837 3765 1989 3817 munere
1997 3747 2173 3823 obeundo

511 3839 746 3932 explevisset.
2072 3959 2082 3973 .

506 4037 509 4040 ,
552 3942 555 3948 ’
610 3964 679 4034 sed
702 3962 743 4036 de
759 3961 821 4038 hoc
833 3963 966 4055 morbo,
979 3969 1116 4068 eiusque
1132 3977 1263 4073 caustis
1278 3987 1311 4054 el
1325 3979 1450 4056 eventis
1464 3983 1571 4078 plura
1586 3983 1740 4062 dicenda
1756 4014 1858 4086 sunt,
1877 3999 1994 4074 cives.
2048 4011 2173 4100 Quan-

455 4107 456 4111 ’
511 4113 624 4183 quam
647 4089 749 4160 enim
771 4090 822 4161 ita
843 4091 957 4164 dolor
973 4099 1253 4194 acerbissimus,
1287 4131 1400 4208 quem
1426 4133 1473 4180 ex
1496 4111 1563 4182 illa
1587 4112 1750 4192 doctoris
1777 4121 2012 4200 dilectissimi
2031 4131 2171 4206 iactura

535 4389 542 4400 “
572 4370 613 4449 l)
635 4375 739 4432 Hrcse
763 4376 1000 4462 (ludimagistri
1027 4386 1069 4465 ad
1092 4387 1138 4453 St.
1152 4391 1280 4459 Nicolai
1302 4399 1383 4459 olim
1406 4365 1493 4482 apuli,
1511 4421 1572 4466 noe
1597 4423 1727 4473 summe
1747 4413 1874 4494 meriti)
1901 4417 2175 4506 Hamburgschet

627 4481 836 4556 Comtoiriat,
863 4493 920 4568 qui
938 4491 1020 4558 liber
1038 4509 1160 4580 prostat
1178 4509 1266 4588 apud
1284 4510 1460 4575 Bohnium.
1637 4503 1644 4512 ⁶
