4466 6000
111 679 195 764 aa,
219 685 343 767 nequa
360 665 405 744 aa
420 662 729 768 aremarensis
746 643 903 764 vagatur
921 679 959 736 et
977 683 1083 742 mee
1136 667 1280 769 Quota
1299 668 1684 768 temperassemus
1706 673 1774 746 aa.

114 793 276 878 tieoium
290 811 328 868 et
342 795 577 871 literatorum
595 793 812 894 ingenium,
838 791 961 864 multo
977 795 1113 868 melius
1129 814 1254 868 aetum
1267 814 1362 870 esset
1375 796 1422 868 de
1438 796 1569 882 multis
1584 797 1774 894 scriptori·

112 931 182 1002 bus
204 922 394 1022 antiquis,
419 949 540 1024 neque
565 941 668 998 tanta
696 925 797 997 mole
821 944 948 994 rerum
966 918 1176 1014 inutilium,
1199 922 1777 1024 tentappinionumvellevium

109 1055 173 1134 vel
190 1069 494 1148 portentosarum
512 1049 699 1154 farragine
713 1053 754 1124 in
772 1049 893 1123 literis
909 1047 1075 1171 antiquis
1088 1049 1351 1124 laboraremus.
1366 1081 1417 1108 -·
1440 1055 1524 1132 Jam
1541 1051 1574 1124 si
1588 1051 1633 1123 de
1648 1053 1775 1124 animo

113 1193 152 1257 ‘et
174 1177 344 1253 moribus
368 1179 564 1280 quaeritist
589 1206 721 1255 nonne
737 1203 817 1252 eam
832 1194 965 1266 artem,
990 1199 1083 1274 quae
1098 1196 1264 1254 mentem
1277 1203 1297 1250 a
1311 1179 1421 1252 rebus
1436 1201 1567 1253 sensus
1582 1180 1776 1274 impellen-

110 1309 217 1384 tibus
233 1307 412 1380 abstrahit
428 1307 527 1381 etad
548 1305 810 1404 concipiendas
828 1301 1005 1376 notiones
1021 1303 1318 1438 sublimioresqet
1332 1329 1484 1410 prorsus
1500 1295 1648 1382 divinas
1668 1307 1779 1377 attol·
1842 1371 1854 1380 .

109 1433 223 1526 litad
237 1434 307 1508 hos
322 1429 472 1532 quoque
486 1433 696 1532 pertingere
710 1427 998 1504 arbitrabimur?
1031 1435 1171 1502 Nonne
1181 1431 1228 1517 is,
1243 1429 1310 1529 qui
1320 1432 1665 1514 sanctumveritatis
1675 1455 1777 1505 arno·

108 1585 190 1638 rem
205 1575 243 1632 et
254 1559 426 1633 studium
436 1561 699 1656 incorruptum
712 1583 734 1630 e
748 1547 949 1652 disciplina
964 1580 1029 1630 sua
1038 1555 1161 1645 traxit,
1169 1557 1290 1630 hocin
1299 1559 1376 1630 vite
1385 1559 1777 1660 quoqueagendeubi·

109 1713 184 1788 que
205 1689 377 1762 locorum
390 1685 619 1786 praestabit?
647 1711 742 1759 num
750 1684 858 1760 ranis
870 1707 995 1754 rerum
1009 1679 1118 1752 facile
1131 1679 1319 1756 auferetur
1330 1684 1375 1776 is,
1385 1686 1453 1784 qui
1463 1705 1541 1759 arte
1549 1711 1615 1762 sua
1625 1686 1776 1762 edoctus

112 1794 189 1919 σίζ’
208 1816 312 1885 nulli
326 1815 379 1883 rei
394 1835 590 1884 assensum
603 1810 787 1907 praebere,
802 1807 880 1879 nisi
894 1830 1018 1904 quam,
1033 1806 1078 1877 ab
1094 1810 1202 1878 omni
1215 1827 1318 1904 parte
1330 1815 1586 1916 ponderatam,
1603 1839 1728 1888 reram
1741 1832 1778 1889 et

108 1937 345 2040 probabilem
352 1935 550 2036 repererit?
564 1944 703 2011 Nonne
711 1937 756 2025 is,
762 1937 828 2034 qui
837 1959 989 2010 arooare
997 1921 1309 2010 mentemsrebus
1319 1938 1561 2014 sensibilibus
1570 1943 1780 2030 consuerit,

106 2069 154 2146 ad
167 2067 343 2142 altiorem
355 2049 509 2141 natura'e
523 2064 678 2164 eiusque
692 2065 853 2138 auctoris
869 2067 1227 2163 eontemplationem
1241 2063 1389 2146 facilius
1403 2070 1634 2162 excimbitur,
1647 2097 1778 2148 nonne

104 2195 590 2294 luxuriemingenii,seouli
597 2193 747 2282 vitium,
755 2193 865 2266 eitius
875 2189 1777 2300 compesceteffectuumimpetumiranget,mores

104 2325 153 2400 ad
160 2321 383 2425 gravitatem
393 2339 430 2394 et
439 2321 693 2396 constantiam
706 2317 933 2414 componet?
953 2319 1242 2394 sublimioribus
1251 2319 1419 2422 profecto
1428 2326 1600 2424 sensibus
1610 2321 1732 2401 efferri
1740 2343 1778 2401 et

105 2449 246 2524 altiore
260 2471 387 2545 sapere
402 2449 574 2521 animum
587 2445 668 2520 eius
686 2469 835 2520 neeesse
850 2463 918 2536 est,
944 2447 1011 2542 qui
1026 2447 1060 2518 ei
1076 2448 1266 2519 doetrinae
1282 2471 1434 2548 operam
1450 2474 1558 2522 suern
1571 2477 1651 2524 non
1668 2453 1777 2532 dene·

106 2573 230 2674 gavit,
255 2599 349 2668 quae
368 2599 436 2667 per
450 2576 593 2658 eselos,¹
612 2597 679 2666 per
693 2589 824 2656 terras,
849 2596 916 2663 per
932 2573 1046 2640 maria
1067 2589 1237 2666 vagatur,
1263 2596 1379 2668 eaque
1396 2573 1600 2647 dimetitur.
1659 2580 1777 2653 Nobi.

103 2697 268 2779 lissiniis
282 2697 499 2776 autemillis
514 2715 552 2770 et
566 2699 677 2794 plane
690 2694 831 2768 divinis
848 2691 1014 2793 gaudiis,
1046 2718 1139 2792 quae
1155 2683 1324 2792 percepta
1340 2695 1659 2776 demonstratione
1673 2706 1777 2780 theo-

106 2837 263 2916 rematis
284 2829 441 2906 alieuius
458 2825 616 2914 tacitum
636 2839 764 2921 peetus
785 2837 1015 2919 pertentant,
1039 2844 1222 2916 quaenam
1250 2823 1321 2894 alis
1345 2825 1496 2920 possint
1522 2829 1775 2928 aequiparari?

108 2961 295 3050 Concedo,
307 2961 537 3054 tamquam
552 2951 688 3026 vltimo
704 2952 788 3023 loon
802 2945 922 3048 attigi,
932 2948 1481 3061 Matheseosvirqcommunem
1493 2979 1672 3047 essenon
1681 2985 1774 3054 erm,

108 3116 202 3193 qnae
220 3086 372 3186 proprie
391 3081 576 3178 pertineat
592 3077 639 3174 ad
653 3075 898 3170 Philologum
906 3101 918 3158 ς
950 3099 1073 3172 neque
1089 3095 1213 3148 tamen
1234 3078 1296 3148 bic
1314 3080 1416 3152 idem
1431 3106 1472 3152 es
1486 3108 1605 3156 oarere
1623 3091 1775 3184 poterit,
1856 3141 1858 3148 Α

111 3217 185 3295 Sed
206 3215 240 3290 si
259 3207 450 3312 propriam
467 3201 621 3301 poscitis
628 3226 641 3287 3
670 3199 791 3275 nostis
811 3201 1021 3298 nonnullos
1042 3199 1245 3300 superioris
1265 3204 1427 3278 maxime
1445 3209 1574 3284 aetatis
1589 3216 1775 3292 Gramma·

110 3345 208 3418 titos
229 3336 458 3414 coniecturas
476 3352 561 3404 suas
577 3343 615 3400 et
630 3325 851 3423 opiniones,
875 3343 1055 3426 tanquam
1075 3351 1096 3402 e
1112 3327 1246 3402 divino
1265 3329 1405 3404 scilieet
1423 3351 1591 3410 aeternae
1607 3341 1773 3418 veritatis

110 3469 223 3546 fonte
240 3469 409 3552 haustas,
434 3475 538 3531 tants
553 3451 779 3527 confidentia
794 3454 1075 3550 pronuntiasse,
1100 3473 1143 3530 vt
1162 3479 1245 3544 eos,
1272 3457 1338 3554 qui
1353 3459 1415 3531 vel
1428 3459 1562 3536 leviter
1576 3463 1776 3546 dissentire

112 3597 305 3681 auderent,
329 3613 398 3686 pro
419 3582 564 3658 munais
581 3581 770 3669 haberent,
793 3597 829 3652 et
843 3582 907 3655 vel
925 3577 1117 3659 fastidiose
1132 3581 1353 3676 deriderent,
1377 3587 1440 3660 vel
1461 3591 1597 3668 rustioe
1612 3594 1776 3698 increpa·

112 3745 198 3802 rent
214 3742 251 3798 et
267 3714 447 3795 conviciis
461 3707 752 3810 praecluderent.
783 3715 892 3784 Hanc
906 3710 1185 3806 superciliosam
1200 3711 1448 3811 arrogantiam
1463 3733 1500 3788 et
1513 3716 1655 3794 festum
1669 3724 1774 3798 seho-

113 3855 292 3930 lastieum
303 3842 464 3919 tatinus
485 3839 672 3936 deponet,
689 3837 987 3936 modestiamque
1005 3836 1166 3910 servabit
1183 3837 1238 3926 is,
1261 3837 1329 3936 qui
1348 3843 1617 3930 mathematicis
1637 3821 1774 3926 studiis⁴

112 3979 277 4086 graviter
297 3970 515 4050 admonitus
535 3983 609 4054 est,
640 3986 712 4040 nos
732 3963 775 4038 in
796 3965 980 4064 opinabili
991 3965 1170 4072 doctrina
1190 3966 1348 4057 versari,
1377 3968 1420 4042 in
1443 3994 1516 4069 qua
1531 3975 1593 4050 vel
1610 3979 1772 4055 maxime
1849 3975 1858 3989 '

114 4109 214 4184 eruti
227 4121 410 4206 praestare
423 4095 524 4170 baud
539 4092 742 4191 possimus,
759 4092 853 4184 fore,
865 4113 909 4170 vt
924 4119 1120 4193 nunquam
1135 4095 1395 4186 ooeeutismus,
1407 4121 1602 4198 nunquam
1617 4107 1774 4181 auetofi.

113 4253 189 4308 tate
197 4251 261 4308 aut
269 4225 540 4307 consuetudine
548 4221 788 4320 decipiamur,
796 4245 991 4322 nunquam
997 4223 1160 4299 vanitate
1173 4240 1238 4295 aut
1245 4247 1367 4296 errore
1375 4225 1533 4322 turpiter
1540 4227 1774 4309 labamur.-

113 4363 210 4438 Dixi
223 4363 400 4432 hactenus
420 4355 466 4428 de
484 4351 605 4426 forma
621 4337 783 4422 ma‘xinre
795 4353 1027 4440 Mstbeseos,
1048 4317 1230 4456 quantam
1247 4350 1327 4422 vim
1342 4371 1484 4426 exserat
1501 4355 1567 4431 illa
1587 4361 1629 4432 in
1645 4380 1771 4436 mente

116 4488 319 4587 animoque
333 4477 541 4579 Philologi3
566 4477 633 4551 sed
645 4477 839 4556 materiam
851 4477 918 4580 qui
932 4494 1080 4577 spectat,
1094 4457 1324 4601 haneneidem
1337 4503 1472 4582 magna
1486 4507 1531 4556 ex
1543 4491 1771 4598 parteplsne

1679 509 1880 600 „7¹
