4466 6000
82 697 213 788 ptoria
230 715 267 769 et
282 699 509 773 arithmetica
529 718 638 798 atque
650 697 699 774 ‚in
715 695 858 792 pictura
872 693 1003 766 lineari
1018 695 1273 784 instituendis,
1296 697 1473 768 haetenus
1487 690 1636 764 fuerant
1650 713 1747 760 com.

81 825 275 917 paranda3
314 828 424 900 sicuti
449 829 543 901 olim
564 851 656 922 puer
680 849 789 921 opera
814 821 1003 892 nranuaria
1028 825 1112 896 aliia
1136 825 1353 920 praestanda
1378 825 1500 896 victus
1526 819 1602 914 ipsi
1625 814 1748 918 luerat

80 953 332 1042 quaerendus.
385 955 454 1028 Sed
467 953 734 1048 impedimenta
748 950 978 1022 extrinsecus
997 951 1138 1022 obiecta
1153 953 1352 1051 ingenium
1366 950 1488 1022 nostri
1502 951 1582 1018 non
1603 945 1749 1034 hebeta-¹

79 1099 230 1186 serant.
281 1083 384 1156 Adeo
401 1107 479 1152 non
503 1105 648 1178 semper
668 1099 724 1154 est
745 1085 942 1174 paupertas
965 1076 1112 1174 ingenii
1133 1076 1426 1170 suffocatrixi*)
1463 1084 1547 1158 Jam
1566 1097 1654 1172 vero
1672 1073 1747 1150 Bt·-

77 1200 196 1279 sclius
214 1208 363 1280 iuuenis
380 1205 622 1302 cupiditatem
636 1203 830 1278 'doctrinae
844 1201 1312 1303 inflammare,.ipsumque
1330 1231 1411 1278 non
1425 1221 1576 1282 tantum
1591 1202 1746 1290 hortari,
1858 1263 1861 1270 .

75 1351 123 1403 ut
145 1335 239 1408 huic
259 1335 385 1408 studio
410 1334 520 1406 unice
540 1341 685 1407 vacaret
705 1331 897 1424 vitamque
916 1330 1166 1424 impenderet,
1195 1335 1260 1405 sed
1282 1334 1389 1406 omni
1411 1347 1560 1430 quoque
1581 1352 1693 1423 opera
1710 1345 1748 1422 et

79 1461 214 1533 studio
237 1486 320 1532 eum
336 1460 528 1546 adiuvare,
553 1459 670 1530 libros
688 1454 910 1528 utilissimos
928 1481 947 1526 e
962 1457 1186 1532 bibliotheca
1205 1485 1269 1534 sua
1286 1459 1574 1532 instructissima
1591 1472 1627 1527 et
1642 1457 1747 1526 locu-

77 1589 294 1682 pletissima
309 1587 383 1682 ipsi
405 1585 660 1680 suppeditare,
692 1600 820 1678 atque,
852 1588 951 1676 utin
967 1585 1138 1656 ordinem
1160 1588 1347 1682 quendam
1369 1585 1581 1660 studiorum
1601 1604 1748 1678 eogere-

79 1729 163 1800 tur,
191 1714 291 1786 inter
306 1711 501 1805 Gymnasii
517 1709 615 1782 cives
630 1708 886 1804 recipiendum
900 1731 1036 1781 curare.
1086 1717 1136 1783 Et
1151 1711 1227 1784 fuit
1242 1711 1410 1810 profecto
1425 1711 1608 1784 Biischius
1623 1708 1669 1796 is,
1686 1733 1746 1778 cu

76 1841 141 1909 ius
166 1841 379 1922 doctrinae,
413 1835 672 1920 institutioni,
704 1832 894 1917 consiliis,
925 1834 1140 1906 liberalitati
1160 1840 1442 1934 Brodhagenius
1469 1837 1744 1930 propemodum

75 1965 211 2036 omnia
230 1988 295 2036 sua
312 1962 477 2050 debebat,
488 1977 524 2032 et
543 1960 674 2032 debere
693 1983 731 2030 se
747 1975 849 2056 grata
863 1962 1043 2032 memoria
1059 1985 1178 2056 usque
1192 1963 1239 2032 ad
1250 1960 1567 2062 ⁴erraremumvitae
1581 1959 1743 2028 halitum

75 2092 278 2162 recolebat.
327 2095 465 2163 Verum
482 2087 523 2158 in
540 2088 612 2158 hoe
631 2103 734 2156 tanto
751 2086 1003 2158 liberalissimi
1021 2087 1097 2160 viri
1118 2087 1163 2158 de
1178 2088 1438 2184 Brodlsageoio
1460 2087 1554 2157 bene
1572 2083 1765 2156 merendi

75 2213 208 2286 studio
227 2214 436 2308 vituperare
454 2210 582 2284 forsan
600 2211 684 2306 quis
700 2211 836 2305 possit,
865 2212 967 2306 quod
981 2213 1176 2306 Gymnasii
1190 2211 1334 2288 civibus
1350 2212 1578 2307 adscriptum
1598 2235 1678 2282 non
1698 2211 1743 2280 li·

74 2341 167 2412 teris
187 2363 340 2435 quoque
352 2337 482 2410 latinis
500 2355 537 2408 et
553 2337 702 2432 graecis,
730 2336 943 2432 artibusque
958 2338 1020 2427 iis,
1047 2363 1174 2434 quaes
1191 2341 1381 2417 veteribus
1398 2362 1473 2412 una
1489 2363 1578 2412 cum
1591 2344 1742 2410 Geome-

74 2469 148 2538 tri'a
171 2468 223 2538 ad
245 2464 489 2536 humanitatis
510 2465 695 2534 culturam
716 2461 990 2551 referebantur,
1024 2464 1271 2536 erudiendum
1292 2466 1492 2554 curaverit,
1527 2467 1630 2560 quod
1653 2453 1742 2536 sane

75 2592 159 2664 vim
177 2614 355 2685 magnam
369 2590 415 2658 ad
430 2589 646 2682 ingenium,
672 2588 861 2672 animum,
887 2611 1009 2658 mores
1026 2606 1064 2658 et
1081 2590 1269 2660 scribendi
1287 2589 1503 2662 facultatem
1518 2591 1662 2660 alumni
1684 2591 1744 2664 sui

36 2779 40 2788 .
75 2717 215 2788 ferisset
236 2713 464 2784 habiturum.
516 2717 564 2780 At
585 2709 736 2780 nolebat
750 2707 919 2781 fortassis
932 2713 1118 2786 Biischius
1139 2716 1317 2788 iuvenem
1333 2717 1376 2786 in
1398 2719 1581 2788 curriculo
1604 2720 1743 2790 mathe

76 2845 300 2914 maticarum
317 2837 600 2931 disciplinarum
615 2836 663 2908 iis
677 2836 799 2906 literis
812 2836 971 2910 detineri
987 2857 1023 2910 et
1036 2841 1224 2928 retardari,
1250 2842 1291 2912 in
1309 2843 1446 2938 quibus
1461 2867 1563 2930 eum,
1585 2845 1652 2939 qui
1667 2846 1743 2916 iam
1784 2817 1789 2840 Ι

76 2972 123 3042 ad
148 2969 299 3042 virilem
324 2981 477 3036 aetatem
500 2977 696 3056 provectus
722 2979 814 3049 erat,
839 2964 907 3036 vix
927 2964 978 3034 ita
1002 2989 1288 3063 progressurum
1310 2991 1388 3040 esse
1409 2969 1670 3057 arbitrabatur,
1700 2985 1745 3040 ut

75 3095 248 3166 multum
264 3086 511 3160 emolumenti
531 3084 621 3152 inde
636 3085 790 3162 rediret:
818 3107 935 3178 quum
950 3088 1068 3182 igitur
1083 3093 1125 3158 in
1141 3092 1207 3158 illa
1223 3110 1339 3160 aetate
1361 3093 1467 3162 docte
1483 3118 1564 3162 non
1578 3095 1741 3188 amplius

77 3216 204 3292 excoli
225 3227 367 3309 posset,
395 3209 441 3280 ad
460 3225 578 3280 artem
597 3210 894 3306 mathematicam
912 3207 1121 3284 faciendam
1136 3213 1262 3308 potius
1278 3229 1315 3284 et
1334 3215 1467 3286 usibus
1481 3215 1583 3288 vitae
1602 3241 1744 3290 accom-

74 3341 307 3416 modandam
327 3335 481 3406 institui
506 3333 647 3407 debere.
688 3372 738 3392 --
779 3335 933 3408 Errabat
953 3362 1042 3410 uero
1063 3339 1106 3408 in
1128 3340 1200 3410 hoc
1220 3341 1281 3412 vir
1301 3363 1492 3426 summus3
1517 3345 1616 3416 ualet
1637 3345 1740 3416 enim

75 3493 229 3568 quoque
241 3467 320 3552 hic,
345 3462 447 3558 quod
465 3462 510 3532 de
524 3463 728 3556 sapientiae
741 3463 967 3560 virtutisque
982 3465 1112 3540 studio.
1125 3467 1305 3538 Horatius
1321 3467 1458 3540 alicubi
1477 3467 1550 3540 aits
1582 3478 1633 3543 est
1652 3490 1739 3565 qua.

75 3567 310 3688 dam'prodire
324 3597 437 3678 tenes,
463 3586 495 3658 si
507 3609 572 3660 non
590 3585 695 3658 datur
710 3584 816 3662 ultra.
829 3628 880 3644 —-
907 3597 1140 3686 Quapropter
1157 3593 1239 3664 eius
1253 3617 1365 3688 opera
1383 3595 1552 3666 multum
1566 3595 1741 3674 utebatur

75 3723 117 3792 in
140 3721 250 3794 rebus
268 3714 364 3798 suis,
389 3711 557 3784 inlibris
578 3711 802 3802 scribendis,
827 3714 871 3786 in
890 3718 1105 3789 rationibus
1116 3714 1390 3790 difficilioribus
1407 3719 1670 3812 conficiendis,
1694 3723 1741 3794 iu

77 4013 80 4021 .
136 3944 175 4021 *)
197 3941 419 4005 Nihilominus
443 3951 551 3999 tamen
568 3937 677 3998 Persii
698 3937 779 3998 illud
798 3936 935 4014 falsum,
960 3931 1093 4034 sirmam
1114 3969 1184 4010 esse
1206 3945 1328 4012 artium
1348 3951 1568 4030 inventorem,
1601 3953 1631 4020 si
1652 3955 1737 4023 ultra

133 4105 135 4110 .
199 4068 281 4124 artes
303 4053 343 4114 ad
366 4053 466 4112 vitam
489 4045 644 4130 agendam
663 4053 854 4113 necessarias
873 4066 980 4132 patere
1003 4055 1074 4136 quis
1097 4063 1267 4120 censuerit.
1310 4059 1394 4124 Nam
1415 4053 1547 4126 illorum
1565 4066 1735 4136 doctorum

204 4165 364 4244 exempla,
388 4163 443 4243 qui
462 4161 497 4220 in
518 4177 645 4220 summa
661 4159 770 4241 inopia
787 4158 927 4242 perfecte
945 4163 1063 4226 exculti
1080 4170 1146 4229 sint
1162 4185 1218 4230 aut
1234 4191 1349 4254 magna
1362 4173 1594 4256 praestiterint,
1615 4179 1735 4242 rarissi-

199 4295 254 4337 ma
274 4285 359 4334 sunt.
410 4271 518 4332 Etiam
543 4269 581 4328 de
605 4271 707 4330 nostri
735 4273 861 4336 cultura
886 4277 994 4374 multo
1021 4275 1139 4339 melius
1169 4293 1277 4342 actum
1308 4281 1437 4358 fuisset,
1473 4289 1540 4376 nisi
1565 4306 1753 4378 ρεῐιιρετῑηει

200 4381 366 4442 offecisset.
408 4353 545 4437 Nemo'
536 4379 636 4458 igitur
653 4392 749 4457 parva
766 4367 944 4446 munerum
965 4389 1140 4469 stipendia,
1168 4409 1248 4474 quae
1267 4395 1354 4459 docti
1374 4371 1680 4467 iereinGermania
1699 4381 1747 4468 etb

93 4547 96 4552 .
177 4479 415 4570 Fiaaeogallt'a
429 4485 868 4574 accipiunt‚1³erstanoino
889 4511 1017 4561 excusa
1034 4512 1090 4562 aut
1111 4499 1272 4566 defendat
