4466 6000
481 521 529 601 ro
1240 535 1393 556 ··“····

478 689 662 764 machinis
680 707 717 762 et
731 684 993 760 instrumentis
1012 684 1100 758 artis
1121 683 1167 757 ad
1189 681 1438 779 experimenta
1458 685 1680 762 dictatorum
1699 687 1741 758 in
1765 685 2156 760 sensns'incurrentiu

481 815 712 914 apparandis,
727 829 763 886 et
779 801 873 910 quita
891 831 981 887 sunt
997 814 1149 910 reliqua.
1184 819 1310 909 Quum
1323 811 1603 911 lirodhagenius
1621 795 1842 888 nosternon
1859 831 2009 886 tantum
2025 813 2158 885 scien·

482 945 551 1030 tia,
577 940 640 1014 sed
659 961 809 1012 morum
826 963 975 1038 quoque
989 939 1171 1012 modestia
1195 957 1232 1010 et
1252 937 1432 1010 facilitate
1449 913 1665 1036 praestitam
1691 965 1795 1014 carus
1818 941 1931 1012 etiam
1951 957 2028 1012 erat
2044 941 2157 1030 aliis,

480 1069 658 1164 inprimis
679 1066 1005 1140 commilitonibus
1028 1067 1116 1139 suis.
1172 1071 1218 1137 In
1240 1067 1397 1138 histum
1420 1084 1496 1140 erat
1516 1069 1576 1142 vir
1593 1069 1638 1140 de
1658 1071 1784 1141 schola
1798 1073 1963 1148 Joannea
1985 1067 2061 1140 iam
2075 1095 2157 1165 per

479 1177 605 1294 plures
622 1213 743 1265 annos
758 1193 1040 1281 benemeritus,
1066 1193 1206 1290 collega
1222 1209 1350 1266 noster
1362 1195 1713 1289 aestumatissimus,
1744 1195 1972 1292 Hieronymus
1990 1192 2154 1270 Theodo·

482 1311 844 1409 reservarentur,
869 1321 1087 1421 linguarum
1106 1321 1357 1410 novitiarum,
1386 1323 1698 1424 armcogsllioee,
1724 1325 1928 1395 Hetruscae
1950 1339 1987 1394 et
2004 1323 2154 1422 Angla·

485 1451 679 1528 turonicae
697 1451 778 1521 iam·
787 1465 870 1522 tum
887 1451 1003 1546 probe
1016 1473 1165 1547 gnarus.
1220 1455 1256 1521 Is
1272 1450 1495 1522 commercio
1512 1450 1854 1523 scimtiarumcnm
1870 1451 2152 1548 Brodbagenio,
2221 1497 2222 1554 3

456 1639 458 1644 .
484 1576 759 1664 commilitone,
785 1576 901 1663 inito,
927 1577 969 1645 in
992 1576 1121 1673 lingna
1142 1573 1403 1672 francogallica
1426 1591 1463 1645 et
1482 1575 1771 1672 anglosaxonica
1786 1576 1899 1646 illum
1915 1592 2067 1648 eatenus
2087 1577 2152 1648 in·
2221 1583 2222 1644 ὲ

484 1703 627 1791 stituit,
653 1719 697 1772 ut
717 1701 836 1774 libros
858 1700 1156 1787 mathematicos,
1181 1699 1241 1771 his
1264 1699 1406 1796 linguis
1430 1700 1606 1796 scriptos,
1638 1725 1733 1797 quos
1753 1703 1936 1774 Buschius
1956 1707 2151 1800 esuppel·

482 1831 607 1904 lectile
629 1853 695 1901 sua
713 1827 875 1900 literaria
894 1828 969 1923 ipsi
993 1827 1268 1922 suppeditabat,
1293 1823 1403 1898 facila
1419 1841 1456 1895 et
1472 1822 1579 1901 nullo
1600 1827 1754 1924 negotio
1776 1826 1984 1926 intelligere
2002 1850 2153 1925 posset,

487 1957 629 2031 scilieet
641 1953 810 2026 vicissim
824 1954 871 2024 ab
878 1977 921 2025 eo
928 1953 1126 2052 Algebram
1138 1969 1175 2026 et
1189 1953 1416 2049 sphaericam
1424 1953 1764 2052 Trigonometriam
1780 1955 1944 2030 edoctus.
1992 1965 2152 2032 Fatetur

486 2080 719 2162 Duitntnuins
733 2079 846 2152 etiam
861 2103 973 2168 nunc,
991 2103 1031 2152 se
1042 2097 1126 2152 tum
1144 2080 1368 2152 celeritatem
1383 2079 1530 2178 ingenii
1547 2097 1583 2152 et
1598 2081 1765 2154 discendi
1777 2083 2021 2180 cupiditatem
2036 2085 2151 2158 amici

486 2233 641 2310 prorsus
662 2208 901 2306 singularem,
929 2231 1000 2302 qua
1017 2207 1150 2279 tradita
1167 2207 1294 2279 omnia
1310 2206 1415 2279 illico
1429 2207 1605 2302 arriperet
1624 2207 1720 2280 etin
1736 2233 1849 2282 usum
1867 2233 1980 2282 suum
1994 2235 2150 2284 conver·

486 2355 597 2425 teret,
627 2357 707 2408 esse
726 2331 888 2404 maxime
903 2332 1097 2422 miratum,
1122 2333 1175 2406 ita
1191 2349 1235 2405 ut
1249 2331 1474 2418 brevissimo
1489 2348 1656 2428 tempore
1671 2349 1820 2406 tantum
1840 2335 1881 2406 in
1904 2336 1983 2409 illis
2003 2337 2146 2438 linguis

485 2463 698 2564 proficeret,
724 2475 907 2556 quantum
924 2481 943 2530 e
958 2483 997 2530 rc
1021 2481 1087 2532 sua
1107 2485 1186 2534 esse
1201 2461 1451 2532 arbitraretur.
1502 2463 1705 2554 Postquam
1722 2475 1847 2532 autem
1863 2463 2147 2562 hrodhagcnius

486 2589 685 2687 disciplina
700 2585 853 2658 Bilachii
867 2610 933 2684 per
945 2585 1145 2658 biennium
1160 2603 1238 2658 erat
1251 2607 1361 2673 unus,
1372 2623 1426 2644 -··
1449 2609 1539 2656 nam
1556 2602 1760 2658 ceterorum
1775 2585 2028 2682 professorum
2037 2593 2149 2663 nulli

486 2741 639 2816 operam
658 2711 762 2788 dedit
776 2737 845 2796 -3
878 2711 1078 2798 Buschius,
1106 2727 1150 2782 ut
1171 2729 1248 2783 erat
1264 2711 1306 2784 in
1322 2711 1406 2783 aliis
1426 2735 1537 2808 opera
1557 2735 1641 2800 sua,
1667 2714 1845 2804 consilio,
1872 2716 2008 2812 opibus
2026 2719 2150 2790 suble·

485 2842 620 2918 randis
640 2835 868 2924 indefessus,
893 2836 1063 2932 precibus
1078 2837 1172 2908 adiit
1192 2839 1393 2933 opulentos
1410 2836 1593 2934 quosdam
1614 2839 1837 2938 eosdemque
1855 2842 2026 2916 liberales
2041 2813 2149 2919 urbia

485 2985 637 3042 nostrae
649 2937 766 3052 nivei,
789 2979 834 3034 ut
848 2962 1007 3060 dignum
1024 2963 1251 3060 discipulum
1267 2987 1390 3050 snum,
1416 2965 1557 3060 dequo
1568 2965 1709 3059 optima
1723 2989 1890 3067 quaeque
1903 2994 2045 3066 sperare
2059 2973 2151 3044 lice·

486 3111 562 3182 ret,
587 3091 635 3165 ad
654 3089 784 3162 altiora
803 3088 846 3163 in
868 3087 1110 3160 universitate
1129 3091 1324 3160 literarum·
1340 3090 1546 3162 enitentem
1568 3091 1796 3164 adiuvarent.
1849 3099 1914 3182 Et,
1941 3115 1985 3168 ut
2007 3097 2149 3170 eminet

487 3220 618 3293 civitas
639 3232 768 3294 nostra
789 3207 877 3315 pree
893 3211 1050 3307 reliquis
1066 3214 1282 3288 Germaniae
1302 3217 1525 3290 liberalitate
1546 3241 1631 3316 erga
1651 3217 1773 3296 bonos
1792 3235 1830 3291 et
1844 3220 1886 3292 in
1903 3224 2014 3299 bonis
2036 3227 2146 3298 rebus

484 3344 715 3430 exhibenda,
748 3337 918 3413 obtinuit
936 3325 1120 3412 Brischins
1142 3339 1268 3428 facile,
1295 3344 1398 3438 qnod
1419 3344 1578 3440 petebat.
1628 3351 1757 3441 ltaque
1778 3347 1876 3444 larga
1900 3367 2147 3445 patronorum

491 3469 746 3554 statutorum
770 3464 991 3536 liberalitate
1020 3461 1198 3544 suffultus
1223 3469 1503 3566 Beodhegeniua
1530 3468 1576 3540 ad
1600 3469 1834 3542 Academiam
1861 3477 2149 3576 Gottingensern

413 3681 419 3688 ,
489 3597 641 3674 transiit
661 3617 762 3668 anno
784 3591 899 3666 seculi
920 3591 1090 3686 proxime
1111 3599 1351 3693 praeterlapsi
1370 3595 1642 3694 septuagesimo
1665 3617 1782 3668 nono.
1834 3599 1908 3672 Hic
1929 3602 2152 3678 doctoribus

486 3749 581 3800 rasus
594 3739 654 3798 est
668 3719 815 3821 magnis
829 3716 908 3790 illis
924 3718 1034 3806 viris,
1059 3721 1124 3816 qui
1140 3721 1374 3818 Academiam
1389 3722 1513 3807 illam,
1538 3721 1618 3792 imo
1634 3737 1751 3792 totam
1767 3727 1999 3798 Germaniam
2014 3729 2056 3798 in
2073 3753 2151 3801 suo

490 3852 650 3950 quisque
664 3868 797 3946 genere
811 3843 1016 3940 insigniter
1030 3864 1228 3936 ornarunt,
1247 3845 1438 3936 Kutstnero
1456 3863 1492 3916 et
1507 3845 1673 3920 Mentem
1687 3845 1729 3918 in
1742 3849 1896 3942 Analysi
1913 3853 2150 3942 sublimiore,

491 3973 752 4068 Lichtrnbergio
772 3973 815 4049 in
832 3971 1018 4063 Physicis,
1044 3969 1198 4052 Gmrlino
1218 3975 1261 4046 in
1281 3973 1449 4062 Chemia,
1475 3969 1689 4046 Betimcnno
1704 3971 1746 4042 in
1760 3973 2031 4080 Technologia,
2058 3977 2110 4052 Β]
2135 4017 2153 4039 .

489 4097 685 4182 mandochio
699 4099 741 4170 in
755 4093 1004 4192 descriptione
1022 4114 1185 4172 naturae.
1236 4105 1380 4172 Praeter
1398 4099 1468 4172 hos
1483 4091 1645 4182 Feriarum
1660 4097 1849 4196 Logicam,
1875 4087 2153 4180 etMeiccrrium
2221 4099 2222 4180 J

490 4228 690 4304 historiam·
702 4219 962 4320 philosophiae
984 4237 1020 4291 et
1036 4224 1323 4322 Psychologiam
1340 4221 1546 4324 tradentem
1561 4219 1721 4308 audivit,
1744 4246 1954 4320 quanquam
1970 4253 2049 4300 non
2067 4231 2150 4327 pan*

492 4353 632 4442 studio.
675 4347 858 4422 Triennio
873 4345 929 4418 ibi
943 4345 984 4418 in
1000 4345 1144 4420 studiis
1154 4367 1280 4421 exacto
1297 4373 1342 4420 ex
1356 4344 1539 4420 academia
1554 4347 1683 4441 (1732)
1700 4349 1855 4438 rediens,
1870 4352 1971 4428 ecoe!
1999 4356 2149 4437 Eusebio

493 4507 562 4560 suo
590 4502 629 4556 se
655 4496 783 4582 rursus
811 4473 957 4548 tradere
974 4473 1022 4544 itt
1043 4499 1172 4550 meam
1195 4495 1234 4549 et
1254 4477 1411 4548 tutelam
1432 4474 1836 4588 discipttlpsmagittri
1856 4483 2148 4564 amantissimus.
2221 4539 2222 4566 r
