4466 6000
865 539 1017 594 ····„····
1721 545 1771 610 ar

84 703 197 758 vero
224 688 260 762 itt
281 711 377 764 tttttttt
391 695 574 766 caularum
597 689 711 762 semel
733 687 913 758 duntairat
934 693 1163 785 composuit,
1190 717 1326 790 eosque
1340 694 1551 776 breviores..
1572 692 1768 786 nempein

84 833 255 886 annum
274 836 381 911 1798.
430 819 577 890 Priores
600 816 703 888 enim
724 815 846 886 multo
872 797 1137 892 luculentiores
1161 837 1198 891 et
1213 822 1402 892 uberiores
1415 828 1453 893 C.
1471 826 1513 892 G.
1530 828 1576 892 D.
1593 818 1769 895 lllit'llertts·

80 942 130 1012 V.
153 943 242 1034 ct,
268 971 288 1017 a
312 953 409 1046 Rege
430 947 644 1018 Britanniae
657 944 773 1018 celoci
793 941 962 1014 stadensi
984 943 1208 1038 praefectus,
1241 972 1307 1044 per
1329 965 1471 1042 septem
1492 971 1612 1018 annos
1635 951 1771 1038 (17870

78 1077 225 1164 1793)
245 1073 522 1170 conscripserat.
588 1078 801 1168 Susceperat
823 1067 856 1140 is
878 1071 981 1142 hunc
998 1071 1165 1146 laborem
1185 1101 1253 1171 per
1274 1073 1597 1170 opportunitatem
1616 1074 1768 1146 scholae·

75 1201 284 1290 nauticae,
307 1203 353 1275 de
378 1195 580 1300 quamodo
597 1199 688 1288 dixi,
712 1197 811 1294 apud
828 1219 898 1268 nos
912 1197 1120 1289 institutae,
1136 1203 1334 1274 admonitu
1347 1221 1384 1274 et
1398 1201 1619 1292 liberalitate
1631 1201 1768 1274 condi-

74 1327 200 1404 tricis
230 1329 322 1420 tius,
347 1328 535 1405 societatis
555 1347 707 1402 nostrae
728 1325 961 1422 optimorum
981 1327 1144 1417 civium,
1166 1331 1229 1401 cni
1246 1331 1331 1426 ipse
1347 1348 1403 1402 est
1422 1330 1638 1425 adscriptus,
1665 1329 1767 1400 cxci·-

73 1469 209 1530 tatus.
265 1458 335 1538 Sed
346 1457 435 1530 huic
455 1455 679 1529 utilissimae
698 1451 894 1547 utriusque
912 1454 986 1525 viri
1007 1480 1137 1550 operae
1154 1456 1257 1528 idem
1277 1474 1475 1528 nautarum
1497 1481 1602 1528 error
1618 1451 1766 1546 offecit,.

78 1581 160 1680 qui
185 1583 359 1659 scholam
378 1583 570 1657 nauticam
589 1579 796 1678 dissipavit.
813 1577 845 1674 *)
870 1620 920 1636 —
952 1581 1126 1677 Denique
1141 1579 1606 1671 MathematicuSocr‘etnt.
1624 1582 1767 1654 studiis·
1834 1601 1840 1608 ·

79 1729 126 1782 et
149 1713 273 1787 annis
293 1709 519 1798 venerabili,
543 1712 682 1805 quippe
700 1709 778 1778 iam·
796 1705 913 1778 seculi
934 1703 1244 1804 decimisepti'mi
1266 1735 1366 1782 anno
1389 1710 1642 1809 nonagesimo
1660 1709 1767 1806 apud.

76 1857 162 1907 nos
187 1837 386 1923 conditae,
404 1829 714 1932 Brodhagenius‚
742 1830 883 1903 sodalis
901 1828 1004 1918 eius,
1030 1831 1226 1902 laboribus
1247 1836 1324 1904 suis
1348 1819 1431 1902 non·
1452 1859 1587 1928 parum·
1602 1834 1763 1927 profuit.-

76 1968 333 2060 Quapropter
358 1963 469 2052 haec,
497 1983 586 2034 cunr
609 1955 786 2043 societate
807 1957 953 2031 artibus·
972 1957 1415 2054 promovendis-operam
1436 1975 1602 2030 navante·
1616 1959 1762 2046 iuncta.
1816 2033 1819 2039 ,

78 2090 183 2162 anni
209 2089 375 2188 proximi
400 2091 435 2162 d.
456 2110 501 2176 18
523 2087 616 2170 Julii
638 2087 840 2184 parentalia
860 2109 958 2166 sacra
979 2102 1109 2158 nostro
1128 2085 1343 2174 celebravit,
1378 2087 1591 2157 oratoribus·
1607 2086 1761 2160 duobus·

78 2219 287 2291 sodalibus
304 2219 501 2314 utriusque
517 2216 716 2302 societatis,
736 2221 784 2286 H.
804 2221 843 2289 G.
858 2222 897 2288 F.
909 2213 1125 2311 Westplrolio
1140 2233 1176 2286 et
1191 2222 1228 2288 F.
1246 2222 1290 2287 Ρ..
1301 2214 1540 2312 Nuppnuvt'o„
1562 2216 1761 2310 praeclaris

76 2337 272 2418 Indorum
289 2343 496 2442 magistris„
520 2343 739 2416 memoriam
755 2339 925 2416 defuncti
940 2343 1000 2438 pie
1014 2343 1344 2438 prosequentibus..
1380 2318 1382 2324 Ι

191 2473 266 2544 Sed
285 2488 433 2566 praeter
450 2471 525 2542 hos·
544 2467 679 2542 solitos
700 2485 737 2542 et
753 2485 870 2541 statos
890 2469 1143 2542 laborosalios
1160 2489 1310 2564 quoque
1330 2464 1613 2562 Brodhageni'us
1627 2483 1763 2540 noster

78 2615 243 2698 rugatus
260 2593 420 2688 recepit,
442 2617 534 2688 quae
551 2611 627 2661 erat
639 2593 722 2662 eius
733 2616 880 2664 summa
894 2593 1112 2704 officiosi-tas-
1123 2591 1385 2663 et'ntaximum·
1399 2594 1492 2662 alios
1509 2593 1664 2664 iuvandi
1679 2612 1760 2666 stu·
1808 2586 1813 2592 ’

81 2730 213 2800 dium,
266 2729 365 2796 Nam
388 2723 541 2792 nullum
561 2721 839 2817 propemodum
859 2721 1003 2818 patriae-
1023 2721 1186 2796 civitatis
1205 2717 1409 2816 collegium
1429 2736 1564 2807 exstat.
1586 2721 1687 2818 quod
1710 2723 1757 2792 ine

33 2919 40 2931 ,
79 2855 198 2927 rebus
215 2844 389 2952 gravibus
406 2863 471 2916 aut
487 2845 625 2934 dubiis,
652 2871 744 2942 quae
758 2847 1077 2947 adrBrodliagenii'
1097 2843 1311 2920 doctrinam·
1325 2846 1572 2941 pertinerent.¹
1595 2849 1773 2924 consilia.

78 2985 165 3054 eius
183 3003 264 3051 non
280 2970 533 3072 exquisiverit,
542 2997 653 3065 opem
666 2999 747 3043 non
764 2976 969 3066 aliquando·
982 2973 1228 3073 flagitaverim·
1250 2971 1446 3070 exquibus
1464 2973 1760 3048 commemorare·

77 3109 197 3181 liceat
224 3099 428 3198 collegium·
451 3095 689 3188 aedilicinmr
718 3114 892 3168 senatum
911 3097 968 3170 rei
986 3093 1278 3197 negotiatoriaep
1306 3111 1349 3166 et.
1367 3099 1559 3168 iudicitum
1572 3098 1629 3172 rei
1642 3099 1759 3174 mariv

75 3243 463 3272 -ι--ιι--ϋ-ἐ.

145 3307 193 3382 s)
215 3301 364 3384 Quatuor
380 3287 542 3378 prioribus
557 3292 650 3354 annis
667 3293 736 3356 lroc·
751 3289 987 3358 Calendarr'rrm'
998 3295 1163 3360 nauticum
1182 3287 1336 3375 impensis
1350 3290 1514 3357 societatis
1530 3268 1753 3362 Patriotaruml

209 3409 336 3474 editum
352 3419 422 3476 est,
439 3405 547 3464 tribus·
559 3403 787 3484 posterioribus
803 3425 844 3466 ne
863 3407 1029 3490 inceptum
1047 3421 1177 3489 propter
1195 3405 1394 3487 paucitatem*
1412 3417 1575 3469 emtorum
1593 3409 1754 3484 haereret„

209 3519 349 3602 Collepia
362 3533 569 3576 summorum
585 3511 636 3573 rei
647 3513 876 3578 maritimaeet
891 3516 1098 3580 mercatoriae
1112 3509 1348 3598 praefectorum
1364 3528 1500 3577 centum
1511 3517 1752 3602 exemplaribus·

208 3627 387 3716 quotannis·
406 3625 550 3685 emendis
575 3636 607 3683 et
629 3624 729 3701 gratis
749 3623 979 3690 distribuendis
1003 3628 1084 3688 illud
1106 3613 1333 3688 sublevaturus
1386 3629 1534 3690 Attamen
1557 3651 1662 3714 neque
1682 3635 1751 3697 hocss

205 3745 431 3809 adiumentum
449 3754 519 3799 'rem
542 3735 649 3815 potuit
668 3747 855 3800 sustentare.
900 3738 1007 3820 Quare
1027 3733 1242 3814 editiohuips
1261 3734 1647 3802 CalendariiMiilleriani
1670 3759 1749 3824 post'
1842 3811 1846 3824 q

136 3922 139 3936 ,
209 3873 336 3920 annum
353 3861 430 3928 1793
443 3835 584 3908 cessavit.
629 3841 778 3907 Prostant
792 3859 913 3931 septem
931 3846 988 3909 illa·
998 3849 1189 3910 Cal'endaria
1203 3846 1333 3908 nautica
1346 3867 1420 3909 cum
1437 3849 1552 3913 libello·
1564 3849 1748 3918 institutio-1

207 3969 259 4032 nis
281 3965 321 4026 ad
340 3981 435 4022 usum
458 3953 823 4020 eorumsubievanduru·
839 3961 1020 4044 Hamburgi
1036 3959 1120 4042 apud
1135 3959 1169 4020 Β.
1187 3957 1225 4021 G'.
1244 3941 1484 4022 Hoffmannum
1496 3961 1535 4023 in:
1547 3967 1746 4031 commissist-

193 4081 304 4144 ⁴Plura
316 4075 391 4136 vide
410 4075 445 4132 in
462 4067 713 4132 Commentariis
729 4083 760 4130 et
773 4071 860 4134 Actis
876 4075 1041 4135 societatis
1052 4073 1268 4153 patriotarum
1282 4073 1488 4153 germanicis,
1507 4073 1581 4137 t'ot
1594 4098 1624 4148 ι.
1637 4099 1668 4160 p.
1683 4081 1743 4160 69,.

212 4191 279 4254 116.
304 4197 378 4266 147..
422 4183 673 4260 Vol'.e‚·p.arv
711 4181 779 4244 Vol.
798 4196 888 4264 3.-p·.
910 4199 954 4260 17¹.
988 4193 1067 4262 439a
1110 4182 1169 4242 Vol
1195 4191 1226 4259 lp,
1247 4191 1344 4263 P·572
1395 4183 1514 4268 Neque
1526 4187 1741 4274 Brodhsgenii'

207 4313 337 4364 conatus
351 4295 549 4357 venditionis
566 4305 598 4354 et
612 4313 691 4354 usus
709 4292 859 4355 breviore·
872 4308 905 4356 et
921 4295 1036 4355 viliore
1050 4289 1229 4354 calendario
1247 4305 1423 4355 nautarum·
1435 4299 1652 4378 promovendi
1667 4321 1735 4364 suc·

201 4427 328 4474 cessum
342 4405 465 4464 babuit.
509 4402 622 4482 Quare·
637 4399 740 4464 semel
752 4417 883 4464 tantum·
897 4406 995 4466 modo
1013 4407 1135 4483 (1798)
1155 4391 1240 4463 illud·
1254 4403 1375 4486 ediditr
1392 4409 1484 4488 quod·
1497 4423 1620 4490 prostat
1633 4413 1738 4474 Ham·-

201 4520 297 4605 burgi
313 4513 401 4600 apud
416 4511 453 4578 G.
468 4511 520 4575 W.
535 4509 650 4591 Meyn..
687 4513 724 4576 V.
740 4491 925 4579 comnienr.
944 4529 977 4578 et
987 4517 1068 4578 Acta·
1079 4513 1205 4577 laudata
1223 4516 1258 4576 in
1273 4513 1342 4578 Vol.
1357 4528 1389 4594 5,
1409 4537 1440 4600 p.
1455 4529 1508 4596 53'.
