4466 6000
446 523 470 598 8
503 469 508 478 ’
1095 513 1102 540 ,
1207 491 1363 530 ...e-

447 679 691 756 necesaariam
712 695 792 748 esse
806 665 974 764 reperiet.
1026 657 1097 736 Sed
1110 657 1201 730 haec
1214 677 1334 752 quum
1350 623 1499 734 notiora
1512 658 1601 749 sint,
1617 659 1732 734 rerba
1747 673 1896 732 tantum
1910 659 1957 732 de
1970 657 2120 736 duabus

450 807 802 884 Mathematicorum
824 791 1033 894 disciplinis
1058 787 1232 862 monebo.
1291 785 1385 884 Quia
1412 789 1634 864 historicum
1655 815 1761 890 egere
1781 807 1922 886 potest,
1948 791 2122 890 neglecta

453 930 699 1030 descriptione
715 945 753 1000 et
773 913 1166 1024 ordinqtemporum?
1205 910 1329 1013 Huius
1354 933 1477 991 autem
1496 915 1665 996 doctrina
1688 921 1878 992 recondita
1897 937 1938 1016 qt
1953 938 2123 993 accurata

449 1063 549 1142 vnde
566 1057 755 1148 hauritur,
787 1055 863 1128 nisi
885 1079 930 1126 ex
951 1043 1195 1160 chronologia
1218 1043 1502 1159 mathematica?
1540 1053 1624 1128 Jam
1641 1061 1732 1158 pero
1753 1026 1796 1120 iu
1811 1071 1975 1167 'munem
1999 1047 2123 1122 critici

451 1190 643 1293 quomodo
666 1212 705 1262 se
724 1183 962 1274 tractabitis,
990 1177 1155 1278 quisine
1175 1172 1284 1246 omni
1298 1177 1579 1266 Astronomiae,
1606 1179 1825 1273 praesertim
1842 1174 2019 1271 antiquae
2035 1200 2122 1252 cum

448 1317 649 1393 recentiori
666 1331 912 1410 comparatae,
939 1306 1094 1420 spientis
1110 1304 1156 1376 ad
1171 1299 1272 1372 illud
1290 1305 1454 1377 accedit?
1488 1307 1620 1380 Nostis
1639 1307 1759 1396 enim,
1786 1322 1880 1403 quot
1900 1321 2120 1376 ornamenta

403 1463 405 1469 '
451 1447 597 1542 antiqui
611 1449 741 1540 poetae
756 1468 802 1516 ex
819 1457 1005 1514 astrorum
1022 1434 1177 1509 scientia
1192 1435 1421 1506 carminibus
1445 1437 1522 1507 suis
1538 1436 1728 1534 petierint,
1747 1439 1783 1505 'et
1800 1451 1894 1530 quot
1907 1435 1983 1505 loci
1997 1433 2039 1503 in
2057 1457 2123 1504 an·

364 1631 370 1640 .
450 1575 622 1674 tiquitate
653 1596 777 1674 graeca
806 1587 843 1644 et
869 1569 985 1644 latina
1015 1567 1097 1644 sinc
1124 1565 1192 1634 baa
1219 1555 1336 1673 plane
1357 1559 1590 1660 perfecteque
1621 1562 1786 1660 intelligi
1818 1559 1919 1632 haud
1948 1561 2109 1658 possint.

551 1705 820 1807 Mathematicus
838 1733 958 1802 contro
976 1718 1153 1794 literarum
1175 1714 1355 1816 disciplina
1373 1714 1545 1796 eruditas,
1570 1715 1603 1788 si
1623 1732 1750 1814 gratm
1767 1739 1847 1787 esse
1861 1715 1973 1804 velit,
2001 1737 2124 1813 seqare

402 1897 405 1904 ·
445 1857 620 1958 pauciora
636 1855 833 1953 minoraque
856 1849 946 1930 dona
965 1845 1141 1927 literarum
1163 1844 1383 1938 antiquaram
1404 1835 1519 1917 stadio
1536 1857 1677 1938 accepta
1695 1841 1824 1938 referre
1835 1837 2019 1937 fatebitur.
2074 1825 2124 1917 ist

454 1983 558 2062 enim
580 1977 771 2064 omittam,
799 1998 891 2073 quae
907 1975 980 2072 ipsi
1002 1972 1160 2068 petenda
1179 1969 1257 2044 rint
1273 1994 1318 2041 ex
1333 1971 1528 2043 literarum
1543 1969 1816 2073 elegantiaqum
1837 1970 1944 2068 quasi
1960 1968 2057 2041 arvis
2077 1967 2126 2042 ad

453 2133 561 2186 auam
581 2125 697 2180 artem
719 2103 863 2176 erudite
881 2099 1140 2188 excolendam,
1166 2117 1209 2172 vt
1230 2115 1368 2170 taceam
1381 2097 1600 2196 linguarum
1622 2114 1790 2169 veterum
1809 2097 1984 2193 peritiam
2004 2099 2048 2168 ad
2066 2122 2125 2170 co·

423 2283 425 2290 ι
454 2227 2125 2339 gnoscendaveterummathemata,lectionemqueMathematicorumantiquorumetPhy-

454 2363 637 2450 sicarum,
659 2382 868 2462 paucorum
883 2357 1036 2454 quidem
1050 2353 1224 2442 illorum,
1252 2355 1318 2454 qui
1339 2379 1383 2426 ex
1405 2341 1601 2451 naufragio
1618 2356 1798 2427 barbariei
1817 2359 1955 2430 servati
1974 2376 2124 2448 restant,

455 2495 503 2568 ad
520 2487 716 2566 historiam
726 2479 821 2564 ¹‚artis
839 2505 926 2556 auae
943 2507 963 2554 c
978 2480 1152 2554 fontibus
1175 2481 1438 2568 hauriendam3
1466 2483 1609 2578 quanti,
1627 2507 1738 2580 quarn
1757 2485 1885 2557 vberes
1899 2487 1943 2557 ad
1961 2503 2126 2557 mentem

454 2623 538 2698 eius
555 2629 591 2690 et
612 2615 783 2693 animum
803 2635 850 2685 ex
870 2610 1099 2705 amplissima
1115 2607 1349 2707 Philologiae
1364 2609 1518 2706 regione
1539 2610 1752 2680 redundant
1769 2608 1937 2683 fructus?
1976 2617 2129 2714 Egrrant,

457 2747 524 2846 qui
538 2739 791 2838 Philolcgiam
806 2759 946 2810 meram
961 2735 1201 2831 disciplinam
1216 2736 1417 2808 verborum
1430 2753 1583 2830 putenm
1607 2759 1718 2835 quem
1734 2763 1894 2808 errorem
1908 2737 1983 2809 iam
2000 2711 2131 2833 ipsum

425 2846 443 2892 ¹.
458 2876 538 2947 eius
556 2893 697 2967 nomen
711 2863 865 2946 refellit.
915 2867 1015 2942 Nam
1028 2863 1071 2934 in
1088 2863 1155 2934 hac
1169 2863 1407 2960 antiquarum
1422 2856 1639 2969 linguarum
1656 2865 1874 2962 cognitione
1890 2867 2005 2937 simul
2027 2869 2128 2938 inest

423 3034 426 3046 ·
457 2995 740 3102 parshistoriae
760 2989 909 3090 ingenii
932 2989 1108 3088 humani,
1139 3015 1159 3062 a
1183 2991 1304 3088 prima
1327 2991 1488 3062 ruditate
1516 3017 1583 3097 per
1611 2995 1751 3070 multos
1782 2963 1888 3088 qua'si
1915 2995 2049 3093 gradus
2081 2994 2131 3066 ad

457 3123 736 3230 perfectionem,
753 3117 1002 3192 subtilitatem
1018 3133 1055 3198 at
1071 3117 1293 3217 elegantiam
1310 3117 1459 3204 exordri,
1474 3123 1512 3205 *)
1538 3137 1592 3204 vt,
1616 3119 1682 3216 qui
1700 3122 1785 3192 illas
1802 3121 1910 3196 docte
1925 3139 2130 3221 perscruta.

457 3255 604 3342 tussit,
629 3253 799 3330 hatest,
833 3243 901 3344 qui
923 3243 1088 3342 origines
1109 3271 1269 3332 vocum,
1302 3247 1518 3345 primasque
1537 3245 1778 3344 significandi
1798 3249 1957 3324 virtutes
1980 3249 2129 3340 eruerit,

458 3383 599 3481 primas
617 3397 766 3478 quoque
786 3371 991 3446 multarum
1006 3397 1133 3450 rerum
1150 3375 1400 3446 humanarum
1422 3398 1462 3444 ac
1480 3373 1696 3468 divinarum
1712 3377 1889 3454 notiones
1908 3379 1955 3450 ab
1970 3357 2127 3478 ingenio

458 3513 628 3584 humano
645 3497 839 3596 conceptas
855 3516 964 3594 atque
979 3499 1069 3576 adeo
1086 3505 1295 3580 multorum
1311 3523 1479 3573 errorum
1496 3500 1661 3616 origines
1676 3525 1756 3580 non
1773 3505 1893 3600 possit
1908 3529 1988 3576 uon
2004 3507 2132 3602 depre-

388 3631 392 3644 ’
460 3635 646 3713 hendisse.
700 3625 827 3703 Multo
848 3626 967 3730 magia
990 3627 1101 3698 etiam
1126 3629 1198 3700 hoc
1220 3631 1517 3702 emolumentum
1534 3645 1693 3724 praestat
1714 3629 1890 3718 historia,
1917 3657 2130 3728 perquam,

461 3780 548 3842 cnm
564 3753 808 3834 Grammatico
823 3769 859 3825 et
874 3753 1009 3829 critice
1027 3753 1156 3826 iuncta
1177 3739 1282 3853 qurisi
1299 3757 1425 3828 dextra
1446 3755 1714 3841 consociatam,
1740 3779 1821 3827 non
1838 3775 1986 3832 tantum
2006 3761 2133 3834 vario.

461 3917 548 3968 rum
562 3888 791 3988 populorum
808 3905 865 3960 res
881 3901 1015 3980 gestaS,
1044 3884 1108 3956 sed
1125 3885 1237 3962 etiam
1253 3904 1412 3983 reperta,
1438 3885 1625 3972 instituta,
1641 3905 1775 3972 mores,
1794 3886 2008 3980 opiniones,
2026 3891 2134 3983 theo·

459 4025 639 4122 logorum
659 4017 752 4090 item
774 4030 812 4086 et
832 4011 1148 4114 'philosophorum
1170 4015 1304 4112 placita
1327 4039 1368 4087 ac
1384 4013 1525 4086 decreta
1546 4037 1611 4109 per
1635 4013 1809 4087 omnium
1834 4017 2047 4088 seculorum
2069 4017 2134 4088 de-

462 4173 611 4225 cursum
627 4143 833 4216 edocemur.
887 4139 987 4238 Quid
1007 4167 1095 4216 vero
1111 4145 1396 4230 Mathematico,
1422 4159 1499 4216 arte
1518 4165 1584 4212 sua
1608 4141 1654 4211 ad
1676 4159 1813 4214 certam
1834 4143 2022 4240 cogitandi
2043 4171 2136 4218 nor·

463 4299 565 4355 mam
585 4291 622 4350 et
640 4269 688 4344 'aad
709 4269 1024 4346 demanaretionis
1046 4271 1207 4374 rigorem
1227 4255 1400 4370 religiose
1421 4269 1576 4346 adsueto
1597 4267 1716 4370 magis
1738 4269 1987 4358 necessarium
2007 4273 2130 4378 videri

464 4419 799 4458 'ssa—nuhaa-

505 4517 619 4600 -*)‚r.
636 4506 994 4574 Hamsterhuaiusloco
1011 4509 1098 4574 trud.
1119 4531 1153 4594 p.
1174 4527 1340 4594 1091112.
