4466 6000
462 509 512 588 26
1220 515 1373 538 “““““““

374 665 376 673 1
462 677 513 752 tis
534 673 673 750 indicia
694 675 737 772 in
758 695 802 746 eo
824 669 1098 771 deprehendere
1117 669 1216 748 mihi
1235 667 1412 755 videbar3
1446 672 1605 748 mirabar
1627 690 1751 745 tamen
1776 665 1990 742 acerrimam
2016 662 2144 738 animi

465 801 737 885 vehementiam
753 817 791 874 ct
808 800 984 878 iuventae
1001 806 1178 892 calorem,
1204 798 1271 897 qui
1289 823 1328 872 se
1344 800 1560 878 assiduitate
1586 823 1623 878 et
1647 802 1830 875 celeritate
1850 798 2033 896 loquendi
2055 821 2152 868 nar·

464 931 646 1028 randique
668 929 904 1003 contentiosa
927 948 965 1004 et
986 929 1173 1002 irremissa
1197 924 1393 1023 prodebat,
1419 916 1473 997 ita
1496 947 1541 1000 ut
1558 931 1690 1029 lingua
1712 952 1800 1001 eum
1821 926 1926 1022 prius
1951 923 2141 1008 deficeret,

461 1075 581 1160 ‘quam
595 1057 796 1155 ingenium
810 1075 874 1131 aut
888 1081 958 1132 res.
1008 1063 1148 1134 Verum
1163 1069 1316 1126 naturae
1328 1049 1409 1126 vim
1426 1069 1463 1125 et
1475 1054 1646 1155 vigorem
1659 1053 1832 1130 vividum
1846 1069 1930 1124 turn
1945 1051 2144 1138 habebam,

468 1183 537 1288 qui
553 1185 809 1260 contentionis
823 1204 1028 1290 neruorum
1042 1185 1201 1263 vitiome
1217 1199 1295 1256 erat
1311 1177 1474 1258 effectus.
1517 1189 1565 1259 In
1577 1185 1663 1284 ipso
1678 1181 1831 1282 quidem
1845 1181 1986 1256 reditus
2003 1159 2148 1250 itinere

469 1339 577 1390 casus
595 1315 667 1390 iste
684 1339 766 1388 non
781 1333 837 1389 est
851 1317 1049 1416 repetitus,
1075 1311 1205 1389 statim
1222 1329 1347 1388 tamen
1366 1329 1456 1411 post
1469 1315 1635 1388 reditum
1650 1313 1774 1400 domi,
1800 1335 1919 1408 quum
1935 1312 2035 1382 inter
2051 1331 2147 1380 suos

470 1446 663 1521 laboribus
685 1445 834 1520 diurnis
850 1447 986 1520 exactis
1003 1443 1190 1519 narrando
1211 1441 1409 1529 otiaretur,
1432 1443 1560 1514 eadem
1581 1441 1776 1538 apoplexia
1797 1462 1926 1510 rursus
1946 1454 2002 1508 est
2020 1453 2147 1507 tenta·

472 1591 553 1666 tus,
582 1597 676 1670 quae
691 1573 866 1671 deinceps
890 1575 1057 1671 saepius,
1082 1569 1260 1668 inprimis
1281 1583 1371 1664 post
1390 1567 1675 1642 contentionem
1698 1567 1863 1666 aliquam
1881 1567 2023 1640 virium
2042 1565 2150 1662 inge·

471 1701 530 1776 nii
551 1717 617 1772 aut
636 1701 956 1774 vehementiorem
976 1701 1096 1774 enirm
1082 1695 1435 1797 'indignationem,
1462 1685 1680 1794 semperque
1698 1693 1849 1795 gravirm
1870 1695 2000 1783 rediit,
2025 1695 2078 1765 ita
2103 1709 2150 1764 ut

471 1831 603 1928 lingua
626 1847 664 1899 et
684 1829 827 1924 reliqua
842 1831 1007 1900 membra
1029 1825 1157 1901 subito
1180 1825 1326 1900 viribus
1348 1823 1567 1915 delicerent,
1599 1849 1643 1899 os
1666 1823 1975 1920 distorqueretur,
2008 1842 2152 1892 manus

473 1937 654 2051 tanquam
671 1969 841 2036 monetae
862 1951 1159 2054 refrigescerent,
1192 1952 1324 2052 lingua
1348 1955 1460 2050 plane
1481 1952 1630 2049 torpida
1644 1953 1708 2028 vel
1727 1951 1826 2024 nihil
1849 1951 2149 2047 proloqueretur,

475 2081 538 2160 vel
550 2103 732 2176 perversa,
752 2081 908 2153 obscura
923 2099 960 2152 et
976 2083 1087 2178 plane
1107 2080 1190 2168 alia,
1216 2096 1327 2176 atque
1343 2081 1424 2177 ipse
1438 2081 1534 2154 velle
1549 2079 1755 2165 videretur;
1778 2071 1918 2176 quippe
1934 2077 2027 2150 visis
2043 2101 2150 2146 men-

476 2211 526 2283 tis
547 2209 799 2298 conturbatis,
829 2233 910 2282 non
933 2227 1059 2282 mente
1078 2208 1160 2306 ipsa
1183 2209 1338 2306 eiusque
1358 2209 1564 2282 voluntate.
1618 2215 1840 2307 Quaretum
1862 2207 1972 2278 rebus
1992 2206 2151 2278 nonnna

478 2339 599 2412 aliena
619 2338 855 2434 imponebat,
888 2339 1122 2436 cogitateque
1142 2337 1266 2412 verbis
1288 2335 1393 2408 falsis
1407 2331 1607 2426 efferebat,
1639 2337 1831 2410 aberrante
1854 2335 1961 2432 quasi
1979 2323 2110 2433 lingua
2132 2359 2151 2405 a

478 2465 599 2540 rectis.
651 2467 773 2560 Atque
794 2461 836 2533 in
859 2465 933 2535 hoc
953 2465 1210 2560 mali‘impetu
1230 2463 1347 2536 simul
1369 2437 1648 2538 vehementiore
1671 2464 1724 2536 ira
1742 2445 2017 2552 effervescebat,
2050 2461 2153 2560 quod

480 2610 558 2668 erat
573 2608 743 2687 apertum
762 2589 965 2678 indicium,
991 2609 1156 2664 mentem
1175 2591 1236 2664 sui
1260 2589 1334 2662 sibi
1352 2593 1538 2664 consciam
1557 2592 1719 2691 graviter
1732 2591 1936 2688 indignari,
1953 2591 2054 2689 quod
2072 2616 2154 2664 sen·

417 2747 422 2760 ·
481 2745 594 2797 suum
608 2721 862 2793 instrumenta
878 2715 997 2792 officia
1014 2743 1033 2790 a
1050 2744 1090 2792 se
1105 2719 1285 2816 imperata
1302 2743 1456 2817 exsequi
1442 2718 1635 2815 'amplius
1649 2723 1807 2792 nollent
1849 2721 1920 2794 Sed
1935 2746 2051 2818 quum
2067 2723 2155 2794 haec

482 2848 669 2922 calamitas
683 2871 749 2942 per
762 2845 960 2919 intervalla
977 2840 1158 2920 duntaxat
1172 2847 1353 2942 temporis
1369 2845 1523 2936 rediret,
1549 2847 1783 2968 aliquamdiu
1798 2871 1930 2922 omnes
1951 2873 2063 2920 mune

479 2995 605 3075 partes
622 2976 770 3072 explere
784 2973 897 3045 etiam
911 2991 1074 3070 poterat,
1099 2963 1309 3048 lectiones'
1297 2999 1340 3046 ιιι
1357 2975 1562 3066 Gymnasio
1578 2975 1752 3065 habebat,
1777 2975 1885 3050 libris
1902 2873 2157 3074 ιάιιιᾶὶιᾙ

481 3079 703 3186 iamdabat,
730 3112 768 3167 et
780 3119 922 3167 munus
936 3093 1208 3192 professoriam
1222 3095 1265 3168 in
1281 3103 1409 3172 schola
1423 3107 1445 3182 J
1447 3125 1589 3175 oannes
1606 3103 1730 3200 primo
1747 3103 1901 3202 quidem
1922 3107 2089 3180 semestri
2106 3108 2156 3179 si·

481 3248 532 3302 tre
547 3225 656 3297 omni
669 3221 919 3300 haesitatione
938 3239 1004 3294 aut
1024 3222 1269 3298 incommodo
1287 3225 1426 3302 obibat.
1480 3227 1550 3300 Sed
1569 3253 1661 3302 mox
1680 3233 1795 3305 altero
1816 3235 1987 3306 semestri
2000 3233 2157 3308 iuvenes

482 3353 675 3428 doctrinae
689 3349 846 3447 cupidos
860 3350 941 3446 ipse
955 3349 1168 3442 audiebam,
1189 3379 1307 3463 quum
1323 3364 1587 3452 quererentur,
1608 3381 1647 3431 se
1659 3355 1963 3460 Brodbagenium
1980 3381 2155 3437 nostrum

484 3481 547 3556 vel
561 3478 604 3550 in
617 3477 781 3550 maxima
797 3477 916 3548 animi
934 3478 1143 3552 attentione
1159 3479 1373 3581 intelligere
1385 3493 1423 3556 et
1442 3502 1567 3558 mente
1584 3487 1910 3584 assequiamplins
1930 3515 2009 3562 non
2030 3517 2157 3588 posse.

485 3609 608 3710 Igitur
623 3631 691 3707 ego
706 3607 787 3704 ipse
801 3597 1077 3680 lectiones'eius
1093 3609 1253 3696 adibam,
1268 3627 1305 3680 et
1320 3611 1493 3684 nondum
1509 3611 1662 3708 quidem
1678 3613 1897 3686 delirantem
1912 3617 2159 3712 reperiebam,

381 3723 387 3736 ’
484 3734 551 3808 sed
573 3728 913 3818 animadvertebam
934 3749 1078 3823 tamen,
1111 3759 1198 3808 eum
1215 3737 1393 3813 omnibus
1416 3739 1544 3814 nervis
1566 3739 1786 3838 viribusque
1807 3739 1993 3817 contentis
2013 3769 2157 3835 cavere,

484 3883 534 3936 ne
551 3835 721 3935 docendo
742 3859 900 3948 labaret,
926 3885 976 3933 ne
997 3856 1200 3938 subsistere
1223 3885 1433 3966 cogeretur,
1464 3891 1512 3938 ne
1534 3891 1726 3966 perperam
1749 3873 1859 3946 verba
1880 3875 2159 3970 pronuntiaret,

485 4011 536 4060 ne
556 3988 719 4084 denique
739 3984 847 4060 falsis
864 3985 989 4061 verbis
1011 4013 1069 4062 res
1091 3991 1323 4089 exprimeret.
1388 4003 1508 4095 Quare
1528 4019 1566 4069 se
1587 3995 1669 4094 ipse
1690 4020 1798 4095 saepe
1818 4001 2011 4073 revocabat
2036 4018 2073 4073 et
2094 4027 2161 4076 res
2212 4009 2213 4098 i

383 4175 384 4180 ,
486 4116 639 4190 traditas
656 4115 883 4190 retractabat.
934 4121 1019 4189 Hoc
1040 4136 1115 4191 erat
1130 4116 1375 4214 documento,
1402 4141 1580 4222 quantam
1598 4125 1718 4198 animi
1732 4127 1983 4200 contentioet
2002 4126 2159 4202 fortitu·
2212 4151 2213 4188 ι

487 4245 538 4320 do
554 4247 635 4320 vim
656 4272 820 4322 exercere
834 4247 956 4344 possit
976 4248 1018 4319 in
1040 4273 1209 4346 corpore,
1237 4255 1272 4328 si
1292 4253 1408 4327 modo
1424 4255 1488 4326 illa
1511 4253 1673 4329 velimus
1694 4255 1769 4341 nti3
1796 4256 1900 4354 quod
1915 4253 2070 4340 Koatias
2090 4260 2157 4330 ali·
2212 4317 2213 4332 ι

487 4371 575 4448 mbi
596 4377 740 4476 egregie
760 4375 899 4452 docuit.
949 4376 1214 4454 Nihilominus
1236 4399 1361 4456 tamen
1379 4350 1603 4469 statuebam,
1629 4385 1740 4455 talem
1761 4385 1968 4458 doctrinam
1985 4389 2152 4458 multum

486 4501 608 4603 hugis
629 4497 758 4578 afferre
779 4524 860 4612 non
882 4525 1008 4599 posse,
1034 4521 1071 4578 et
1091 4507 1303 4585 huic'nr'alo
1325 4528 1469 4584 mature
1490 4533 1567 4584 esse
1586 4511 1866 4587 occurrendum.
1920 4517 2056 4612 Quare,
2085 4537 2156 4614 arr-

955 4636 991 4706 ἡ,
