4466 6000
479 552 650 618 aax
995 519 998 526 ’
1236 553 1392 628 ·······,

468 715 575 786 'mali
602 703 638 788 e't
666 731 792 816 quater
816 734 883 812 per
906 685 1178 784 hebdomadem
1208 725 1369 780 extrema
1401 729 1570 810 vespera,
1595 709 1842 799 haberenturs
1870 731 1891 785 a
1923 728 2029 787 tanto
2063 729 2166 786 nra-

477 842 562 912 ·iore
585 839 779 928 artificum,
806 859 843 914 et
865 840 1131 941 magistrorum
1158 855 1195 911 et
1219 833 1435 912 adiuturum
1459 842 1724 941 tironumquef
1743 844 1788 914 ab
1810 867 1919 940 opere
1942 861 2023 914 tum
2045 841 2157 915 feri-

477 971 638 1059 entium,
673 995 831 1044 numero
872 952 1102 1068 frequentari
1134 979 1326 1066 poterant,
1361 964 1430 1064 qui
1461 971 1566 1056 ultra,
1592 969 1839 1044 trecenarium
1873 991 1983 1066 saepe
2013 995 2156 1044 exsur-

424 1091 438 1134 Ὺ
480 1101 599 1198 gebat.
652 1104 813 1176 Selectos
833 1103 1014 1200 quosdam
1032 1099 1219 1172 auditores
1241 1096 1352 1170 etiam
1371 1091 1549 1193 privatim
1570 1096 1701 1171 diebus
1723 1101 1814 1174 solis
1834 1097 2035 1170 erudiebat.
2091 1105 2154 1170 Et
2230 1179 2231 1206 χ

476 1232 764 1330 Brodhagenius
781 1229 948 1328 profecto
973 1231 1037 1302 his¹
1055 1229 1098 1300 in
1119 1227 1348 1300 lectionibus
1366 1221 1493 1298 indies
1509 1229 1631 1327 magis
1651 1227 1843 1326 magisque
1864 1225 2029 1324 profuit,
2062 1253 2143 1324 quo

474 1359 601 1455 magis
624 1365 671 1429 ex
695 1357 909 1454 disciplinis
930 1357 1136 1444 Mathesis,
1162 1355 1359 1448 Physioae,
1388 1350 1563 1430 Cbemiae
1582 1375 1619 1428 et
1637 1351 1912 1456 Technologiae
1936 1357 2077 1453 aptiora
2105 1373 2146 1428 et

476 1486 566 1558 usui
586 1489 781 1558 communi
803 1487 1020 1560 auditorum·
1037 1484 1280 1558 inservientia
1301 1485 1486 1584 deligere,
1512 1481 1677 1584 ingeniis
1696 1486 1834 1556 horum
1855 1483 2054 1556 hominum
2075 1507 2146 1582 pa·

476 1615 564 1689 'rum
579 1616 735 1686 excultis
751 1616 961 1686 doctrinam·
973 1611 1249 1686 accommodare
1264 1627 1301 1682 et
1313 1614 1374 1685 via
1388 1614 1604 1708 rationeque
1619 1606 1825 1708 procedere,
1847 1613 2062 1686 blandiente
2078 1614 2145 1685 in·

474 1744 608 1840 'primis
625 1742 816 1840 profectu,
839 1743 1004 1815 studeret
1019 1758 1060 1813 ac
1080 1721 1271 1812 discerett'
1298 1731 1531 1810 attentionis
1548 1739 1833 1834 perpetuitatem
1848 1759 1885 1812 et
1899 1739 2143 1838 repetitionis
2230 1769 2231 1800 t

475 1865 693 1944 facilitatem
713 1893 756 1940 eo
773 1869 990 1958 adiuvallatp
1013 1868 1115 1965 quod
1130 1869 1296 1966 singulas
1316 1869 1502 1964 plagulas,-
1530 1886 1621 1963 quae
1641 1888 1806 1940 summas
1824 1889 1946 1942 rerum
1966 1871 2145 1942 contine·

474 1995 581 2086 ient,
607 1997 769 2094 singulis
792 1996 1088 2068 hebdomadibus
1112 1995 1214 2092 typis
1240 1994 1399 2066 ex'soribi
1421 1995 1587 2083 iuberet,
1611 2019 1768 2092 quarum
1789 1996 1928 2092 partim
1949 1997 2142 2072 societatis

474 2127 721 2222 patriotarum
746 2127 971 2198 liberalitate·
994 2125 1109 2224 gratis
1134 2124 1467 2212 distribuerentur,
1505 2120 1643 2219 partim
1667 2123 2071 2208 numovenderentur.
2094 2127 2138 2222 *)

472 2259 586 2326 Grato
610 2253 723 2325 etiam
736 2253 869 2324 animo
887 2267 1085 2324 senserunt
1103 2267 1139 2322 et
1161 2269 1396 2349 agnoverunt
1416 2253 1481 2324 isti
1498 2249 1674 2324 homines
1691 2248 1916 2325 beneficium
1939 2255 2070 2328 hocin
2093 2279 2137 2328 se
2230 2222 2231 2245 Χ

475 2383 678 2464 collatum,
700 2381 924 2473 quod-artes
941 2401 1030 2450 suas
1048 2399 1133 2449 cum·
1157 2370 1296 2452 caussis
1318 2396 1354 2448 et
1374 2369 1588 2448 rationibus
1606 2361 1759 2448 tractare*
1776 2377 1971 2452 discerent
2023 2387 2137 2478 Saepe

471 2509 573 2582 'enim
590 2501 855 2605 Brodhageni'o
864 2505 959 2577 haec
974 2505 1118 2577 laetitia*
1133 2505 1314 2601 contigit,.
1337 2521 1383 2573 ut
1404 2519 1485 2574 nort
1499 2519 1647 2574 tantum
1663 2505 1848 2578 auditores
1870 2507 2038 2602 pristini,
2068 2511 2136 2606 qui

471 2633 643 2714 'officinas
656 2631 750 2704 artis·
761 2651 854 2704 suae
863 2631 957 2702 alibi
972 2647 1153 2700 terrarum
1168 2625 1364 2730 institutas
1377 2629 1574 2718 haberent,
1598 2631 1771 2702 animum
1785 2633 1830 2704 de
1844 2633 1973 2707 hausta
1988 2661 2033 2708 ex
2050 2639 2133 2714 eius
2230 2673 2231 2676 ¹

474 2763 706 2836 lectionibus·
717 2756 887 2832 utilitate
895 2751 1131 2860 gratumipsi·
1146 2757 1394 2844 declararent,
1417 2777 1529 2852 quarn
1543 2757 1584 2827 in
1601 2759 1738 2833 multis·
1751 2753 1841 2832 artis
1858 2782 1944 2834 suae
1963 2767 2134 2860 partibus
2230 2752 2232 2840 ᾗ

419 2889 422 2897 ’
475 2885 554 2962 iam
568 2887 837 2984 experirentur,¹
849 2885 915 2957 sed
929 2885 1097 2982 magistri
1113 2909 1261 2982 quoque
1276 2884 1413 2955 artium
1426 2879 1715 2973 manuariarum,
1743 2881 1809 2982 qui
1823 2888 2009 2964 adiutores
2029 2895 2132 2964 nacti

473 2999 599 3088 essent
620 3010 930 3108 Brodhageni'ana
947 3010 1354 3102 disciplinaqeruditos,
1374 3009 1463 3078 huic
1485 3032 1506 3078 e
1524 3013 1630 3082 terris
1648 3011 1742 3084 adeo
1760 3015 1983 3115 longinquis
2006 3019 2051 3092 de
2068 3021 2134 3096 his
2230 2977 2231 2998 l

474 3135 713 3213 adiutoribus
729 3135 806 3208 suis
830 3159 902 3230 per
912 3133 1089 3230 epistolas
1113 3135 1399 3230 gratularentur

554 3293 650 3366 Aliis
667 3307 853 3387 praeterear
864 3281 1054 3404 laboribus
1072 3285 1220 3384 publice
1232 3243 1680 3392 stilibusllrodhagenius
1684 3297 1851 3416 gratiam
1867 3317 1904 3370 et
1918 3303 2061 3400 a'pud
2031 3329 2131 3379 crvee

474 3439 510 3497 et
530 3421 649 3518 apud
654 3435 802 3490 exteros
820 3415 958 3502 inivit
981 3441 1120 3511 nempe
1139 3413 1375 3508 Celenderis,
1394 3419 1677 3513 Homburgensi,
1702 3423 1900 3516 Altonono,
1932 3431 2129 3523 Labeoni,

470 3545 663 3632 Bremenst',
675 3541 837 3622 stadensi
854 3559 891 3612 et
908 3539 1114 3616 Httdest'emt
1127 3545 1332 3638 perplures
1348 3567 1472 3618 annos
1486 3549 1768 3638 concinnandis,
1785 3557 2043 3632 conficiendo
2030 3582 2128 3634 rtem

468 3675 699 3759 calendario,
722 3669 824 3766 quod
843 3691 1031 3742 accessum*
1049 3672 1160 3740 lunae
1179 3672 1226 3742 ad
1243 3674 1361 3745 solem
1378 3697 1635 3770 recessumque
1654 3674 1700 3746 ab
1719 3680 1789 3751 illo
1805 3708 1869 3777 per
1882 3681 2015 3782 gradus
2031 3714 2127 3784 quo·

468 3803 644 3888 tidianos,
666 3797 711 3868 in
722 3820 836 3868 usum
849 3812 1061 3867 curatorum
1078 3797 1180 3868 urbis
1199 3816 1346 3870 nostrae
1359 3801 1772 3898 noctuilluminandae,
1791 3791 1934 3902 delinit,
1955 3817 2129 3893 observa.

468 3929 643 4000 tionibus<
659 3925 824 4018 denique·
840 3923 1139 4020 meteorologicis
1153 3924 1198 3994 in¹
1216 3926 1516 4020 ephemeridibus
1533 3929 1598 4018 iis,
1610 3957 1714 4028 -quae
1733 3934 1990 4022 inscribuntur
2007 3951 2124 4018 Hana-

467 4048 1290 4151 burgisehe·Addrelscomtoir·Nachricbten,
1311 4073 1492 4152 perpetuo
1512 4058 1643 4131 ordine
1663 4060 1886 4138 inserendis.
1908 4107 1958 4126 -
1990 4073 2121 4152 Festos

464 4239 799 4265 .............-........

446 4350 448 4356 ’
525 4343 567 4421 ἒ)
595 4343 643 4402 Ex
662 4342 712 4402 his
733 4341 868 4424 plagulis
887 4339 1004 4402 iunctis
1025 4353 1118 4404 ortus
1135 4354 1181 4404 est
1202 4339 1284 4420 liber
1297 4339 1531 4428 Brotllragenii',
1553 4345 1668 4410 duobis
1684 4351 1797 4413 Tomis
1818 4352 1958 4429 divisus,
1986 4355 2046 4442 qul
2068 4363 2114 4422 lu·

587 4451 754 4521 scribitu13
778 4447 954 4528 Anler'tnng
970 4471 1041 4512 zum
1058 4453 1322 4533 gemeinnitzigerr
1337 4449 1601 4547 [Interrt'clrtsb'r
1616 4459 1856 4538 Handwerlter,
1879 4465 2035 4532 Istinstler
2049 4471 2117 4534 und

588 4556 822 4622 fabricarunt
859 4553 926 4619 Sed
939 4554 979 4619 de
997 4555 1063 4620 hoo
1076 4556 1165 4622 infra
1182 4561 1356 4628 dicemus..
1387 4614 1391 4619 .
1412 4607 1421 4616 .
