4466 6000
482 605 534 684 ta'
1231 611 1386 633 '‘¹¹¹¹''

433 739 443 756 ’
483 771 612 850 num.
662 776 795 868 tuque
809 767 975 867 ingenue
990 759 1122 856 fateor,
1142 763 1260 839 fnisse
1274 763 1579 864 Brodhageoium
1591 753 1778 857 nostrum,
1800 769 1882 842 sine
1898 767 2006 840 omni
2017 745 2151 842 tam'en

491 903 598 1000 culpe
613 921 690 988 tue,
706 921 753 972 ex
766 921 898 971 eorum
913 921 1083 988 numero,
1099 897 1143 968 iu
1158 895 1296 993 quibus
1309 893 1604 967 animadvertere
1614 897 1714 986 licet,
1728 895 1820 992 quid
1835 896 1877 966 in
1892 895 2038 992 magnis
2051 897 2153 986 illis,

488 1051 584 1130 quae
597 1027 782 1101 Methesis
799 1025 970 1100 studium
986 1043 1024 1097 et
1038 1025 1192 1098 mentia
1205 1024 1326 1096 menti
1339 1024 1490 1120 praebet
1508 1025 1787 1115 emolumentis,
1797 1025 1954 1122 ingenio
1970 1041 2092 1097 tamen
2112 1044 2153 1098 et

489 1153 660 1228 moribus
680 1153 828 1228 eiusad
849 1151 1118 1250 perfectionem
1140 1153 1258 1242 desit,
1285 1153 1353 1250 qui
1375 1153 1645 1222 humaniorum
1663 1153 1859 1223 literarum
1872 1153 1994 1223 studia
2010 1169 2073 1222 aut
2088 1177 2158 1225 su·
2224 1197 2225 1210 κ

490 1283 605 1382 perbe
626 1279 852 1354 fastidiverit
878 1298 916 1352 et
938 1283 1164 1380 neglexerit,
1188 1297 1271 1370 sut,
1298 1278 1474 1352 fortunae
1495 1280 1729 1378 malignitate
1751 1281 1976 1376 impeditus,
1999 1299 2158 1356 tractare

489 1433 569 1482 non
592 1407 768 1503 potuerit.
833 1408 904 1480 Sed
918 1425 1025 1479 utne
1040 1409 1125 1504 quis
1139 1409 1223 1480 viro
1238 1407 1308 1479 illo
1324 1409 1466 1481 eximio
1482 1409 1524 1480 id
1537 1409 1634 1482 vitio
1650 1433 1669 1479 a
1683 1409 1795 1480 nobis
1808 1407 1904 1480 verti
1916 1409 2155 1482 existimave-

489 1537 541 1610 rit
548 1561 561 1620 ;
589 1533 691 1606 nulli
713 1533 853 1606 iustius
876 1551 915 1605 et
927 1535 1052 1608 verius
1067 1536 1280 1622 laudantur,
1299 1560 1414 1630 quam
1425 1561 1587 1634 quorum
1601 1537 1768 1631 laudatio
1783 1561 1852 1608 nee
1867 1535 2030 1612 defectus
2045 1541 2154 1614 illius

490 1681 530 1738 et
544 1661 643 1734 labis
664 1661 1061 1733 commemorationem
1075 1659 1233 1759 defugit,
1250 1685 1345 1756 quae
1359 1689 1468 1760 saepe
1488 1663 1695 1736 virtutibus
1712 1681 1750 1734 et
1761 1664 1904 1736 meritis
1918 1665 2155 1762 optimorum

492 1791 708 1874 hominum,
733 1789 814 1858 sive
836 1812 883 1858 ex
904 1789 1163 1862 imbecillitate
1182 1789 1367 1864 humanae
1387 1809 1552 1880 naturae,
1574 1791 1654 1866 sive
1675 1815 1720 1862 ex
1741 1789 1916 1864 fortunae
1935 1793 2078 1865 invidia
2091 1781 2155 1865 adss

496 1919 634 2004 haeret,
657 1912 806 2010 quaein
822 1914 953 1986 multis
970 1915 1089 1986 vitam
1111 1935 1278 1988 nostram
1302 1917 1570 2008 moderatur.'¹)
1621 1925 1742 2016 Quare
1764 1919 1874 2016 agite,
1895 1919 2011 2006 Cives,
2032 1920 2157 1990 vitam
2201 1985 2208 2000 ,

496 2039 750 2138 Brodhagenii
765 2041 817 2111 ita
834 2065 1087 2137 exponamus,
1104 2059 1160 2130 ut,
1176 2068 1248 2140 qua
1261 2045 1322 2118 via
1340 2064 1376 2118 et
1389 2047 1591 2118 rationein
1606 2049 1722 2116 talem
1735 2045 2042 2116 hlatbematicnm
2059 2063 2095 2116 et
2108 2046 2156 2116 in

496 2175 611 2278 tqlem
626 2169 821 2241 hominem
838 2169 1008 2258 evaserit,
1029 2172 1177 2267 qualem
1190 2174 1410 2268 vosmetipsi
1427 2173 1671 2270 cognovistis,
1692 2189 1874 2268 appareat.
1925 2179 1981 2243 Ita
1998 2173 2156 2244 enimin

497 2325 581 2374 eam
601 2297 729 2396 potius
749 2295 897 2394 ingenii
912 2297 1005 2386 eius,
1024 2300 1215 2371 obstacula
1229 2302 1382 2396 quaevis
1398 2300 1684 2396 perrumpentis,
1706 2299 1993 2370 admirationem
2010 2325 2155 2372 mecum

496 2423 748 2522 abripiemini,
779 2447 873 2519 quae
894 2423 1084 2519 vituperio
1107 2426 1153 2497 de
1174 2427 1259 2498 labe
1283 2452 1330 2498 ex
1349 2451 1389 2498 re
1408 2443 1566 2524 augusta
1577 2423 1694 2513 domi,
1709 2449 1730 2496 a
1743 2449 1826 2497 sero
1842 2425 2055 2498 studiorum
2070 2449 2155 2496 oon-

495 2569 628 2642 tracta,
644 2553 772 2622 locum
783 2573 865 2620 non
879 2550 1073 2646 relinquit.

600 2683 722 2752 Natus
735 2693 791 2748 est
805 2675 1116 2752 PetretHe'nricttt
1130 2671 1398 2774 christophorus
1414 2677 1677 2772 Brodhngenius
1692 2679 1912 2779 Hamburgi,
1935 2703 2036 2752 anuo
2051 2703 2156 2776 prae-

500 2805 606 2882 teriti
621 2803 737 2880 seculi
750 2802 1064 2901 quiuquagesimo
1080 2807 1190 2880 tertio
1206 2807 1242 2880 d.
1260 2825 1306 2895 25
1322 2809 1512 2896 Octobris,
1538 2824 1678 2902 epatre
1690 2803 1841 2908 ,Jootm
1858 2807 2020 2888 Heerico,
2045 2831 2155 2904 opera

504 2935 640 3008 diurna
664 2957 779 3032 eaque
799 2931 1023 3004 mercenaria
1040 2933 1184 3006 victum
1202 2951 1410 3032 quaerente,
1435 2951 1472 3003 et
1485 2949 1602 3004 matre
1615 2930 1749 3028 Sophia
1762 2931 1944 3026 Hedeuigo
1957 2929 2160 3022 Follenthol,

504 3079 666 3157 utroque
678 3071 831 3154 parente
837 3058 1174 3154 Megalopolitano.
1204 3067 1312 3160 Pater
1325 3083 1444 3156 quum
1456 3061 1500 3129 in
1511 3083 1551 3130 re
1565 3076 1662 3131 esset
1676 3059 1908 3147 tenuissima,
1917 3059 2055 3156 quippe
2068 3057 2159 3131 assi·

504 3189 582 3262 duo
604 3185 732 3258 labo're
755 3183 856 3253 nihil
877 3200 1021 3278 praeter
1043 3187 1246 3259 necessaria
1268 3185 1367 3261 vitae
1390 3209 1550 3272 merens,
1573 3183 1697 3255 hlium
1709 3185 1914 3256 liberaliter
1928 3184 2159 3256 educandum

505 3309 857 3403 instituendumque
878 3331 1004 3380 curare
1027 3333 1106 3382 non
1125 3331 1282 3408 poterat.
1333 3313 1511 3386 Mittebat
1523 3311 1706 3383 tamenin
1721 3313 1855 3383 ludum
1870 3315 2076 3408 publicum,
2098 3334 2158 3382 us·

507 3463 581 3539 qne
600 3419 647 3510 ed
668 3452 835 3507 nostram
861 3449 1017 3507 aetatem
1040 3459 1125 3508 cum
1149 3442 1274 3514 schola
1297 3439 1468 3514 coenobii
1486 3438 1645 3520 Joannei
1656 3439 1819 3511 literaria
1837 3441 2092 3527 coniunctum,
2117 3436 2160 3509 in

508 3589 585 3667 quo
602 3585 806 3662 egenorum
821 3557 963 3631 civium
979 3577 1016 3632 et
1028 3559 1237 3636 incolarum
1253 3565 1344 3653 filii,
1371 3567 1512 3637 artibus
1529 3566 1745 3638 sedentariis
1760 3583 1798 3638 et
1811 3567 2053 3640 illiberalibus
2070 3583 2165 3638 trae·

507 3689 633 3766 tendis
657 3685 844 3772 destinati,
867 3685 1015 3780 publice
1034 3687 1078 3758 in
1098 3689 1148 3761 iis
1172 3693 1282 3764 rebus
1304 3693 1582 3780 erudiebantur,
1607 3717 1764 3788 quarum
1780 3694 1933 3764 scientia
1949 3693 2059 3764 etiam
2072 3692 2164 3764 infi-

506 3841 659 3896 morum
686 3813 866 3888 ordinum
889 3811 1065 3887 homines
1089 3815 1172 3890 sine
1191 3842 1261 3892 suo
1282 3839 1320 3893 et
1339 3821 1562 3918 reipublicae
1582 3819 1720 3892 damno
1743 3845 1866 3893 carere
1885 3844 1965 3892 non
1986 3837 2163 3916 possunt.

507 3988 842 4014 *u———u-

576 4091 612 4174 ι*)
631 4089 767 4172 Egregie
780 4085 894 4150 Celsus
905 4087 947 4148 de
959 4083 1161 4154 conseisione
1175 4093 1311 4162 erroris.
1332 4093 1370 4154 ab
1383 4094 1579 4176 Hippocrate
1592 4091 1689 4164 facta,
1709 4095 1774 4156 titt
1796 4093 1903 4157 Levia
1920 4093 2062 4172 ingenia,
2082 4093 2164 4175 qttia

633 4189 717 4254 nteit
735 4187 867 4262 tabmt,
887 4187 971 4254 t'tt‘ltt'l
983 4185 1048 4252 sihi
1064 4189 1243 4286 &trahunt
1267 4195 1342 4272 (nec
1356 4196 1479 4260 detrahi
1495 4197 1696 4276 patiuntur).
1740 4201 1868 4278 Magno
1881 4195 2020 4275 ingenio,
2043 4197 2160 4276 multo·

633 4316 693 4380 que
713 4291 922 4356 nihilominus
941 4291 1114 4370 habituro,
1145 4301 1297 4360 convertit
1316 4297 1456 4376 simplex
1480 4299 1553 4358 veri
1571 4302 1692 4372 erroris
1712 4294 1885 4390 confessio.
1916 4305 1961 4347 -'
1999 4300 2054 4362 Sin
2072 4301 2161 4365 dites

633 4411 769 4474 parvum
790 4393 837 4452 rei
858 4389 1024 4460 familiaris
1046 4402 1281 4464 detrimentum
1301 4421 1369 4465 non
1392 4415 1480 4464 curat
1494 4417 1526 4466 et
1540 4407 1595 4466 vix
1611 4409 1727 4480 sentit,
1750 4426 1868 4492 egenus
1884 4418 1995 4466 contu
2009 4407 2059 4468 vel
2073 4404 2164 4467 levis-

635 4515 705 4556 mes
722 4513 771 4557 res
787 4497 990 4578 pertinaciter
1004 4507 1143 4571 retinere
1156 4507 1250 4570 debet
1264 4528 1300 4570 ac
1320 4509 1413 4570 tueri.
