4466 6000
866 473 1020 518 ''⁸¹''
1723 481 1773 562 33

72 629 410 733 „descriptione,
435 636 569 710 ordine
592 653 628 708 et
651 634 795 708 delectu
817 651 941 698 rerum
963 643 1069 722 apto,
1097 631 1331 731 consilioque
1349 634 1775 728 scribentis'accommm

70 811 103 845 „
118 759 261 834 dator
291 770 376 835 Hoc
403 764 606 836 consilium
628 761 698 834 etsi
720 756 915 854 praecipue
937 754 1035 826 vitae
1057 781 1181 848 usum,
1209 785 1288 831 non
1306 763 1543 834 subtiliorem
1559 762 1770 852 meditatio·

69 937 101 972 „
114 911 227 962 nem
242 908 279 962 et
290 891 510 978 interiorem
526 890 802 964 reconditarum
817 907 942 954 rerum
957 884 1262 984 disquisitionem
1278 909 1475 986 spectarem
1493 882 1674 963 tamenin
1691 894 1771 984 eius

72 1067 102 1103 ‚,
115 1019 290 1116 scriptis
313 1021 480 1097 doctrina
501 1036 537 1091 et
560 1018 655 1091 ratio
678 1012 880 1088 accuratior
901 1036 981 1106 non
1004 1034 1059 1087 est
1073 1020 1249 1116 neglecta,
1277 1019 1341 1092 sed
1356 1020 1529 1114 pleraque
1544 1021 1671 1094 omnia
1688 1046 1773 1092 cum

33 1119 39 1126 ⁸
71 1197 103 1232 „
116 1147 278 1221 caussis
293 1149 371 1222 suis
393 1165 429 1220 et
443 1145 671 1245 argumentis
689 1159 780 1217 sunt
801 1139 992 1235 explicata.
1052 1142 1285 1242 Quapropter
1302 1149 1369 1218 hac
1384 1173 1430 1218 ex
1447 1163 1550 1242 parte
1563 1148 1692 1226 minus
1711 1150 1773 1248 in·

70 1325 103 1359 ‚,
113 1275 366 1375 telligentiae
379 1275 487 1372 uulgi
504 1271 779 1364 accommodata
793 1284 886 1340 sunt
900 1285 936 1338 et
950 1271 1055 1364 plura
1072 1297 1091 1343 e
1107 1272 1298 1344 doctrinae
1311 1275 1591 1362 mathematicae
1605 1293 1772 1372 penetras

54 1403 235 1489 ·„libus
257 1404 371 1499 petita
394 1401 611 1494 co‘ntinent,
639 1425 751 1497 quam
772 1395 863 1470 libri
880 1392 1040 1486 Btircln't',
1069 1398 1232 1472 doctoris
1259 1401 1338 1472 eius
1361 1404 1555 1495 praeclari,
1585 1427 1671 1474 cum
1695 1428 1770 1501 qup

69 1531 350 1629 „ceteroquin
371 1532 437 1604 ille
455 1554 576 1628 neque
593 1529 748 1628 ingenio
764 1524 1048 1622 philosophico,
1075 1551 1196 1623 neque
1218 1527 1431 1600 eruditione
1452 1532 1659 1622 multargnm
1682 1531 1770 1627 alia-

72 1711 98 1744 „
112 1685 218 1766 rupr
240 1659 444 1748 literarum,
470 1658 721 1753 inprimisque
740 1651 984 1726 humanitatis
1007 1651 1145 1724 artium
1168 1659 1244 1726 erat
1263 1655 1546 1751 comparandus.
1556 1663 1579 1698 ‘⁶
1637 1663 1769 1730 Hacta·
1855 1745 1866 1764 χ

14 1785 23 1802 ’
72 1786 351 1885 nttsPsaffiur.
808 1885 810 1888 Ι
1394 1874 1399 1884 ,
1507 1773 1508 1776 “
1661 1875 1681 1886 ..
1747 1849 1754 1884 ,
1889 1761 1896 1776 ³

198 1917 327 2003 Mores
342 1912 416 1988 viri
433 1908 570 2008 optimi
586 1907 953 1984 commendationem
969 1908 1014 1982 ab
1031 1909 1242 1982 urbanitate
1259 1909 1412 2006 quidem
1430 1927 1467 1980 et
1483 1909 1665 1986 suavitate
1685 1939 1766 2007 non

47 2061 51 2069 ’
74 2040 302 2131 habebant,
328 2063 450 2138 neque
464 2065 530 2137 per
550 2040 781 2112 educationis
803 2038 990 2111 rationem
1005 2021 1139 2110 liabere
1157 2056 1349 2134 poterant3
1375 2037 1439 2110 sed
1457 2039 1697 2135 simplicitate
1716 2059 1768 2136 ta·
1818 2040 1840 2138 ,⁰

73 2191 177 2238 men
197 2192 277 2258 sua,
288 2166 562 2264 propemodum
577 2167 736 2240 dixerim
751 2167 899 2256 rustica,
911 2183 948 2238 et
962 2165 1202 2264 integerrima
1212 2163 1285 2234 fide
1300 2181 1337 2236 et
1353 2164 1763 2262 sanctituteprobaban·

78 2312 172 2380 tur,
202 2313 248 2365 ut
268 2293 461 2380 omnium,
488 2293 624 2388 quibus
640 2293 906 2388 innotesceret,
931 2293 1234 2366 benevolentiam
1249 2292 1377 2362 statim
1392 2293 1596 2389 acquireret
1617 2311 1654 2366 et
1673 2319 1765 2368 con·

77 2439 237 2494 stanter
252 2421 439 2494 retineret.
492 2421 638 2515 Quippe
659 2419 827 2490 moribus
850 2437 887 2490 ct
907 2417 1015 2494 factis
1032 2421 1210 2491 omnibus
1231 2421 1461 2512 exprimebat
1484 2423 1654 2492 studium
1672 2425 1765 2522 recti

76 2547 259 2644 iustique
280 2564 409 2630 tenax,
436 2547 669 2638 omninoque
691 2545 861 2614 animum
879 2548 1059 2638 probum,
1085 2545 1288 2616 candidum
1310 2561 1347 2614 et
1367 2561 1553 2638 apertum,
1581 2549 1642 2638 cui
1663 2547 1764 2619 nihil

78 2677 212 2746 inerat
232 2669 314 2742 doli
329 2685 394 2742 aut
413 2665 573 2754 fraudis,
600 2665 700 2736 nihil
721 2665 945 2742 insidiamm
960 2687 1025 2743 aut
1046 2671 1270 2758 calumniae,
1297 2671 1397 2742 nihil
1416 2671 1564 2744 obscuri
1581 2692 1644 2745 aut
1660 2676 1761 2764 tecti,

79 2801 152 2898 qui
171 2823 371 2896 nunquam
384 2795 487 2866 aliud
504 2811 653 2890 pectore
668 2811 867 2889 premeret,
892 2796 996 2868 alind
1012 2821 1077 2870 ore
1091 2813 1288 2893 promeret.
1341 2797 1515 2869 Veritatis
1532 2775 1609 2870 ertit
1628 2779 1760 2874 admo-

80 2933 181 3002 dum
198 2928 391 3004 studiosus
408 2942 445 2995 et
461 2923 645 2996 libertatis
667 2921 855 2993 sentiendi
871 2918 1059 2996 defensorss
1112 2927 1162 2995 Et
1179 2941 1393 3018 quanquam
1409 2923 1583 3019 pleraque
1603 2926 1637 2995 ci
1660 2927 1760 2998 dees·
1854 2995 1861 3013 ,

80 3074 192 3144 sent,
221 3077 314 3152 quae
328 3068 422 3122 artes
437 3049 627 3132 liberales,
653 3060 795 3138 praeter
810 3046 1021 3130 Mathesin,
1045 3049 1207 3136 reliquae
1223 3048 1453 3138 irpingenim
1479 3051 1607 3117 animo
1625 3070 1663 3120 et
1677 3077 1758 3123 mo·

78 3183 192 3254 ribus
211 3172 476 3260 nobilitandis,
496 3189 607 3266 atque
621 3169 664 3238 in
681 3168 758 3240 vita
773 3166 939 3266 ingenue
954 3165 1195 3240 exhilaranda
1209 3161 1390 3248 efficiunt3
1418 3183 1543 3240 tamen
1561 3189 1638 3244 erat
1652 3175 1697 3246 ab
1716 3202 1758 3250 ea

79 3310 169 3380 labe
185 3305 301 3391 liber,
329 3323 441 3398 quam
454 3297 582 3369 literae
596 3293 673 3368 fere
690 3293 912 3388 exstirpant,
939 3295 1247 3391 superstitionem
1263 3289 1365 3375 dioo;
1393 3293 1531 3390 quippe
1548 3297 1588 3369 in
1606 3324 1646 3372 ea
1666 3303 1757 3378 civi·

81 3454 159 3508 tate
178 3431 353 3507 educatus
370 3445 406 3497 et
427 3425 467 3495 in
491 3447 532 3494 ea
553 3421 667 3492 domo
690 3421 857 3490 exenltus
868 3471 879 3505 ,
899 3445 1004 3520 quae
1023 3419 1188 3492 libertati
1214 3417 1402 3490 sentiendi
1419 3437 1457 3490 et
1477 3441 1594 3498 rectae
1613 3431 1754 3504 rationi

80 3559 223 3638 eximie
244 3553 432 3630 favebant.
486 3555 604 3644 Quare
625 3547 790 3644 ingenue
812 3545 857 3616 de
876 3548 985 3622 rebus
1002 3565 1040 3622 et
1053 3545 1273 3619 hominibus
1297 3544 1585 3646 quibuscunque
1603 3575 1754 3630 senten.

82 3690 177 3760 tiam
195 3706 298 3756 suam
319 3673 599 3774 pronuntiabat,
626 3696 774 3744 securus
790 3673 956 3746 invidiae
975 3687 1013 3741 et
1028 3669 1119 3741 odii.
1171 3673 1250 3738 Nee
1266 3684 1390 3738 tamen
1408 3672 1578 3762 memini,
1603 3680 1751 3754 invidia

84 3832 150 3886 aut
171 3808 261 3882 odio
279 3803 441 3902 alicuiuq
452 3822 539 3872 eum
560 3823 727 3894 unquam
749 3800 836 3894 peti.
871 3776 991 3898 'Quin
1011 3797 1090 3867 imo
1114 3792 1252 3884 eratin
1273 3794 1399 3887 paucis
1421 3795 1542 3871 doctis
1557 3819 1594 3874 et
1614 3805 1656 3875 in
1680 3833 1749 3881 suo

84 3961 220 4040 genere
233 3928 501 4027 excellentibus
520 3926 631 4014 viris,
656 3925 722 4021 qui
737 3928 889 4000 nullum
908 3924 1109 4032 inimicum
1131 3937 1196 3992 aut
1211 3922 1418 4010 aenmlnm,
1443 3924 1608 4012 invidiae
1625 3950 1662 4004 et
1682 3936 1750 4007 ob.
1791 3987 1794 3994 .

86 4059 318 4142 tractationis
333 4057 511 4155 plenum,
537 4051 603 4125 sed
625 4076 756 4124 omnes
771 4066 883 4126 notos
899 4052 972 4126 sibi
987 4051 1083 4124 bene
1096 4047 1306 4146 cupientes,
1332 4049 1529 4147 plerosque
1548 4057 1640 4131 adeo
1657 4063 1748 4134 anei·

86 4222 146 4274 cos
161 4193 321 4273 babent}
349 4185 452 4284 quod
469 4183 600 4279 ulique
615 4180 658 4254 in
675 4205 809 4280 magna
825 4179 1014 4256 felicitatis
1029 4195 1132 4277 parte
1147 4175 1241 4272 poni
1258 4175 1379 4256 debet.
1433 4183 1541 4254 Hanc
1554 4204 1678 4263 autem
1694 4190 1747 4264 fe.

83 4324 262 4398 licitatem
278 4293 559 4408 Brodhagenius
579 4309 717 4404 partim
740 4309 856 4380 animi
879 4308 1040 4423 candorix
1053 4323 1091 4378 et
1111 4304 1294 4376 masculae
1316 4301 1548 4408 simplicitati
1569 4331 1605 4384 et
1626 4335 1743 4390 certae
1785 4365 1791 4380 .

14 4467 15 4472 ’
90 4451 171 4524 lidei
190 4457 376 4537 acceptam
393 4432 592 4525 referebat,
617 4433 770 4532 partim,
802 4435 904 4536 quod
927 4431 1409 4545 inprimisvcommcmorari
1427 4433 1552 4533 debet,
1583 4444 1742 4526 iuvandi
