4466 6000
162 545 1734 604 mmmm—...-

93 875 282 1010 Tritum
304 941 361 1002 cet
380 950 424 1002 ac
436 925 715 1026 pervulgatum,
735 915 863 1011 cives?
879 880 1122 998 omnel‘sstes
1135 940 1173 998 et
1187 924 1374 1000 doctrinas
1388 925 1581 1012 communi
1597 924 1760 1024 quodam

90 1053 255 1130 vinculo
271 1079 350 1128 ease
363 1057 461 1128 inter
475 1080 554 1129 sese
570 1081 682 1130 nexas
699 1073 735 1128 et
749 1055 951 1154 colligatas,
967 1059 1136 1128 etaltera
1150 1057 1301 1130 alterius
1317 1080 1389 1154 ope
1403 1079 1615 1128 carerenon
1626 1057 1758 1152 possit.

77 1182 182 1254 ,Hoc
207 1207 421 1280 quanquam
444 1163 565 1258 cuiuis
588 1209 668 1256 non
694 1185 814 1258 dicam
838 1184 1031 1256 literarum
1050 1185 1189 1283 perito,
1226 1173 1292 1259 a'ed
1315 1210 1442 1260 aarum
1461 1185 1678 1284 cognitione
1698 1185 1760 1258 vel

86 1307 231 1382 leviter
252 1311 400 1406 imbuto
420 1329 559 1410 sponte·
579 1331 719 1410 pateat,
748 1335 867 1417 quum
883 1335 995 1386 nemo
1012 1315 1140 1390 locutu
1154 1339 1278 1389 unum
1290 1316 1494 1388 alterumve
1510 1310 1668 1426 alicuius
1685 1311 1760 1415 dis·

88 1435 259 1534 ciplinae
277 1441 499 1536 perlustrare
521 1440 655 1538 possit,
681 1440 774 1538 quin
798 1439 872 1512 sibi
890 1440 1033 1538 aliquid
1056 1440 1190 1513 auxilii
1209 1439 1255 1512 ad
1273 1437 1590 1537 eumplenissime
1603 1459 1760 1536 cognos-

87 1565 257 1638 cendum
273 1565 702 1660 aliundstcessendum
716 1591 795 1642 esse
811 1568 1080 1642 animadvertat
1086 1595 1099 1656 3
1126 1563 1207 1642 non
1231 1569 1340 1666 pauci
1360 1585 1487 1641 tamen
1507 1564 1757 1662 reperiuntur,

86 1693 159 1788 qui
167 1693 360 1770 unialieui
369 1694 486 1768 artise
498 1695 550 1766 its
560 1697 745 1782 addicant,
760 1713 803 1766 ut
816 1695 914 1764 nihil
930 1697 1122 1768 literarum
1136 1717 1280 1792 praeter
1290 1698 1400 1770 illam
1408 1693 1673 1794 attingendum
1685 1695 1759 1770 sibi

82 1837 168 1890 csse
191 1821 440 1905 arbitrantium
474 1821 541 1917 qui
561 1843 602 1892 se
620 1845 707 1892 suae
727 1819 817 1892 artis
835 1817 976 1898 finibus
992 1841 1070 1898 tam
1087 1825 1261 1923 religiose
1277 1830 1487 1924 coerceant,
1511 1837 1557 1890 ut
1576 1825 1675 1892 ultra
1694 1847 1766 1898 eos

84 1948 291 2044 exspatiari
311 1951 586 2048 propemodum
607 1949 712 2025 nefas
731 1935 913 2028 habeant.
966 1953 1035 2026 Isti
1056 1971 1182 2028 autem
1196 1953 1258 2028 vel
1273 1951 1469 2050 ducuntur
1480 1945 1676 2046 opinionis
1694 1950 1760 2024 ali·

85 2095 164 2172 quo
189 2101 327 2166 errore,
353 2079 400 2151 de
420 2079 604 2170 consiliis,
630 2078 786 2178 quaein
809 2079 952 2154 artibus
976 2081 1178 2154 tractandis
1198 2081 1306 2184 sequi
1327 2079 1539 2164 debeamus,
1565 2101 1759 2178 perperam

85 2223 303 2300 conceptae,
329 2208 390 2279 vel
416 2205 556 2280 laboris
577 2207 835 2280 assiduitatem
855 2205 892 2278 ei
915 2209 1200 2302 contentionem
1218 2205 1450 2304 defugientes
1472 2203 1697 2310 tralaticium
1708 2205 1757 2282 it.

84 2329 169 2418 lud,
198 2355 267 2406 non
277 2355 460 2428 possamus
475 2333 589 2408 omnin
602 2357 728 2420 omnes,
751 2331 862 2422 nobis
878 2335 1068 2410 occinunt.
1121 2343 1217 2408 cnm
1230 2335 1400 2432 utrisque
1413 2327 1576 2406 breviter
1592 2310 1755 2430 agam.

84 2459 212 2550 Atque
229 2457 276 2560 hi
294 2458 459 2554 quidem,
482 2459 560 2556 qui,
582 2459 673 2530 dum
695 2461 821 2552 plures
843 2475 939 2532 artes
958 2461 1157 2556 complecti
1176 2461 1366 2547 iubentur,
1381 2462 1522 2528 molem
1541 2459 1757 2536 studiorum

83 2581 302 2678 improbam
314 2585 481 2674 humeris
496 2585 574 2654 suia
590 2585 739 2678 imponi
758 2585 1004 2677 queritantur,
1023 2585 1076 2670 hi,
1089 2585 1260 2679 inquam,
1285 2607 1365 2654 uon
1380 2597 1568 2676 reputant,
1585 2605 1657 2654 noa
1671 2584 1756 2679 plu·

85 2712 188 2786 rium
209 2712 424 2786 studiorum
445 2701 753 2785 coniunctionem
781 2709 974 2783 suadendo
996 2710 1217 2806 neutiquam
1238 2713 1310 2782 hoc
1328 2711 1444 2797 velle,
1466 2728 1511 2781 ut
1529 2709 1665 2809 aliquis
1687 2735 1755 2810 per
1793 2809 1798 2818 ι

86 2860 243 2912 omnem
265 2839 384 2913 vitam
402 2837 484 2934 pari
506 2835 751 2910 contentione
772 2835 813 2905 in·
834 2799 1085 2932 plurimafflm
1107 2855 1217 2936 atque
1242 2837 1334 2909 adeo
1360 2833 1537 2917 omnium
1559 2836 1754 2914 literarum
1830 2918 1836 2928 ,
1907 2882 1914 2894 -

85 2968 214 3042 studia
228 2967 434 3040 incumbat.
487 2971 572 3038 Hoc
596 2989 686 3042 sane
708 2981 860 3036 naturae
882 2965 1067 3038 hnmanae
1082 2964 1193 3052 vires,
1218 2962 1437 3062 praesertim
1454 2963 1495 3038 in
1509 2963 1588 3050 hec,
1613 2961 1656 3039 in
1674 2963 1753 3042 dies

84 3095 210 3192 magis
227 3096 421 3190 magisque
439 3109 699 3176 succrescente,
715 3114 839 3162 rerum
854 3090 1116 3164 discendarum
1135 3107 1274 3186 segete,
1298 3093 1497 3164 excederet.
1522 3097 1682 3179 Verum,
1708 3109 1751 3170 ut

85 3221 217 3319 magni
243 3215 494 3294 Hemstrrhust‘t'
522 3218 646 3292 verbis
674 3243 796 3290 meam
819 3219 1047 3292 sententiam
1071 3223 1279 3314 explanem,
1289 3217 1324 3306 ⁶)
1357 3217 1412 3290 sic
1432 3217 1606 3290 habetote
1627 3218 1750 3314 cirea
1841 3272 1844 3278 ‚

85 3349 220 3438 „nihil
237 3347 369 3420 utilius
386 3370 476 3433 ease,
501 3345 600 3417 nihil
622 3345 893 3442 opportunius,
916 3371 1030 3444 quent
1052 3363 1095 3420 vt
1110 3345 1153 3416 in
1167 3321 1363 3447 latissimis
1377 3344 1602 3422 eruditionis
1617 3346 1751 3423 huma.

86 3500 190 3566 „nae
212 3477 353 3572 campis
375 3492 515 3561 certos,
548 3497 644 3568 quos
669 3473 836 3545 studiose
856 3477 973 3561 colat,
1012 3473 1172 3570 quisque
1193 3470 1267 3544 sibi
1287 3470 1381 3542 fines
1404 3468 1594 3568 designet,
1626 3497 1750 3574 neque
1860 3555 1862 3562 ¹

85 3623 243 3694 „tamen
265 3604 364 3676 intra
388 3602 529 3674 limites
542 3601 659 3673 semel
675 3599 771 3674 fixos
784 3601 836 3672 ita
851 3624 892 3674 sa
911 3616 1090 3696 tanquam
1106 3592 1234 3698 glebae
1247 3595 1451 3693 adscriptus
1466 3597 1678 3689 contineat,
1703 3617 1749 3674 ut
1851 3593 1859 3598 ’

86 3757 182 3820 „cos
197 3729 355 3802 transire
376 3727 555 3825 religioni
581 3728 701 3812 ducat,
727 3743 765 3798 et
787 3743 923 3802 ceteras
947 3727 1139 3802 doctrinae
1159 3727 1330 3823 regiones
1354 3747 1435 3795 non
1460 3745 1565 3798 secus
1580 3747 1621 3814 aa
1640 3726 1749 3801 triste

85 3857 287 3947 „bidental
306 3867 520 3928 contactum
535 3850 700 3926 hslmine
713 3852 864 3928 devitet.
912 3857 1039 3931 ‘Aliud
1055 3879 1125 3930 nos
1141 3842 1301 3928 monent
1311 3867 1443 3924 mutua
1460 3848 1746 3950 disciplinarum

86 4039 108 4072 „
116 3982 356 4070 commercia,
387 4004 482 4077 quac
508 3979 711 4054 liberaliter
736 3983 1021 4082 communicatis
1047 3984 1183 4080 opibus
1207 4003 1287 4054 sese
1310 3994 1534 4054 sustentant.
1592 3961 1745 4054 Vertum-

86 4100 253 4199 „tamem
278 4106 458 4204 quiequid
479 4105 523 4183 iu
547 4104 672 4178 alieno
697 4106 881 4206 decerpis,
904 4113 1108 4213 diligenter
1129 4111 1342 4207 inspectum
1358 4121 1397 4225 et
1409 4103 1687 4184 consideratum
1700 4107 1743 4180 in

148 4343 184 4421 Q)
211 4363 244 4404 v.
260 4341 378 4404 liberii
393 4341 634 4405 Hemsterhusii
655 4303 760 4408 orabo
782 4344 823 4428 de
844 4332 1083 4414 Mathamstum
1103 4361 1137 4414 et
1159 4344 1387 4429 Philosophiae
1406 4306 1517 4407 studio
1536 4361 1612 4406 cnm
1634 4343 1739 4412 literis

212 4443 460 4506 humanioribus
475 4445 720 4528 coniungentes
742 4467 823 4531 quse
839 4454 998 4535 repertun
1010 4454 1047 4516 tn
1062 4453 1248 4519 Hmtert.
1262 4462 1294 4515 at
1310 4446 1509 4514 Valctmari
1521 4458 1615 4512 orate.
1636 4445 1740 4534 bugd.

209 4545 279 4614 cn.
298 4553 389 4628 1784
411 4555 443 4624 8.
466 4546 561 4612 editis
573 4569 605 4632 p.
621 4565 764 4632 aro-reo.
