4466 6000
852 579 1067 645 m.
1706 579 1763 664 „

101 734 289 808 societatis
300 732 346 807 in
354 736 542 811 *tabulario
557 739 635 813 eius
649 750 829 812 asservata
843 749 880 804 et
893 731 1152 811 commentarii
1168 757 1233 809 sex
1247 731 1506 808 voluminibus
1522 731 1760 806 adititestan·

100 881 175 934 tur.
228 870 366 938 Verum
383 869 563 940 statuebat
583 848 737 940 societas
748 865 818 937 illa
834 861 1042 939 doctrinam
1056 866 1130 940 viri
1151 865 1289 964 egregii
1309 862 1583 936 etindustriam
1600 861 1758 958 publicis

97 979 469 1085 praesertim'usibus
491 1018 569 1066 esse
591 993 850 1066 adhibendam.
905 998 1022 1096 Quare
1045 1019 1124 1066 non
1146 1010 1294 1065 tantum
1317 1016 1403 1062 eum
1413 990 1468 1062 ad
1489 972 1547 1062 eas
1569 991 1758 1080 lectiones,

96 1117 238 1213 quibus
256 1120 335 1195 iam
354 1125 398 1196 ab
421 1119 520 1224 anuo
545 1143 638 1216 1735
662 1123 824 1223 gratuito
847 1122 1071 1194 excolendos
1095 1138 1434 1194 curaveratnautas
1458 1115 1619 1205 tirones,
1646 1119 1764 1194 susci--

96 1245 253 1344 piendas
264 1250 470 1342 permovit,
498 1269 535 1322 et
545 1251 727 1322 munibus
742 1249 865 1320 modis
883 1272 964 1320 eam
979 1249 1020 1318 in
1037 1272 1116 1318 ram
1132 1248 1293 1334 adiuvit,
1321 1247 1386 1318 sed
1402 1245 1476 1341 ipsi
1491 1269 1639 1340 quoque
1655 1247 1760 1318 seha

95 1373 152 1446 las
171 1373 387 1448 ad·.artifices
402 1345 544 1450 tirones
563 1379 624 1468 via
637 1403 685 1450 ac
697 1375 844 1448 ratione
859 1375 1101 1462 erudiendos,
1128 1399 1219 1471 quas
1239 1378 1462 1466 tumtr791)
1482 1374 1648 1468 primum
1666 1375 1758 1446 liba·

95 1501 279 1575 rslissime
299 1504 454 1578 institui
472 1506 643 1595 iubebat,
675 1507 718 1578 in
738 1506 851 1576 domo
873 1503 1022 1598 publica
1039 1503 1254 1574 Eimboclria
1274 1501 1463 1598 quat'etnis
1479 1525 1544 1596 per
1559 1500 1757 1572 hebdoma-

62 1633 65 1642 “
96 1625 184 1698 dem
197 1625 300 1702 horis
316 1633 536 1728 vespertinis
553 1633 739 1705 habendas
749 1631 1003 1708 demandavit.
1044 1637 1254 1727 Utrumque
1269 1647 1392 1700 autem
1407 1651 1548 1702 munus
1565 1627 1757 1723 stipendio

94 1779 242 1845 annuo,
268 1760 342 1830 boc
358 1759 766 1854 quadringentarumet
783 1757 1054 1850 quinquaginta
1073 1781 1296 1843 marcarum,
1323 1755 1420 1828 illud
1437 1771 1683 1832 trecentarum
1703 1776 1758 1824 sae

91 1879 142 1948 sis
164 1879 315 1976 largiter
330 1899 385 1952 est
396 1898 650 1968 remunerata,
677 1903 795 1976 quum
813 1895 989 1975 utraeque
1009 1881 1189 1951 lectiones
1205 1879 1374 1952 semestri
1396 1879 1577 1950 duntaxat
1597 1879 1757 1954 hiberno

92 2004 327 2080 haberentur.
378 2007 749 2080 ·Harum·lectionum
767 2005 917 2096 alterae,
945 2033 1037 2105 quae
1052 2009 1123 2080 arti
1138 2008 1292 2083 navium
1305 2006 1634 2104 gubernandarum
1654 2023 1758 2082 erant

10 2105 11 2116 ἵ
95 2115 322 2222 destinatae,
344 2161 409 2231 per
424 2137 565 2231 priores
588 2135 740 2232 quidem
753 2159 880 2206 ‘annos
896 2158 915 2206 a
932 2136 1062 2209 multis
1078 2134 1425 2232 frequentabantur,
1452 2135 1505 2206 ita
1526 2151 1570 2206 ut
1592 2151 1628 2205 et
1645 2113 1759 2206 socie·¹

93 2255 177 2360 tas,
195 2264 362 2335 instituti
379 2282 522 2356 attctor,
549 2281 587 2335 et
602 2265 732 2336 doctor
753 2256 799 2334 ab
816 2264 1098 2336 caconstitutus
1116 2287 1220 2358 spem
1235 2279 1424 2358 caperent,
1451 2257 1543 2352 fore,
1569 2279 1614 2334 ut
1630 2279 1757 2368 nauta·
1827 2299 1829 2304 ·

91 2414 179 2460 rum
197 2391 334 2488 vulgus
357 2393 511 2462 stultam
522 2391 637 2462 »istam
654 2389 875 2484 opinionem
895 2389 941 2460 de
961 2390 1177 2484 disciplina,
1204 2413 1296 2484 quae
1315 2389 1358 2458 in
1376 2389 1463 2460 artis
1484 2387 1688 2464 formulam
1704 2411 1759 2462 rot

91 2515 437 2588 dactaadrationes
459 2517 586 2588 omnia
597 2532 804 2602 revocaret,
830 2539 963 2609 parum
976 2515 1049 2586 sibi
1066 2513 1282 2600 necessaria,
1309 2512 1461 2585 tandem
1476 2513 1677 2608 aliquando
1694 2515 1757 2586 de-

93 2657 262 2738 poneret.
315 2639 384 2740 Sed
402 2640 501 2708 nibil
519 2641 857 2730 valueruntneque
876 2639 1062 2708 societatis
1078 2636 1242 2708 liberalia
1260 2636 1400 2724 studia,
1426 2616 1677 2732 nequeperiti
1693 2641 1757 2712 do·

98 2771 209 2842 ctoris
227 2785 401 2842 contenta
420 2789 531 2861 opera
549 2765 596 2836 ad
613 2765 908 2837 istumorrorem
923 2763 1342 2859 planeexstirpandum.
1395 2769 1514 2859 Quare
1534 2789 1651 2861 quum
1666 2789 1758 2842 mox

96 2919 274 2968 numerus
282 2875 480 2966 stourina'e
496 2891 718 2986 cupidorum
733 2892 784 2962 ita
802 2893 1030 2978 decresceret,
1043 2907 1090 2960 ut
1106 2891 1266 2986 denique
1277 2889 1498 2984 ,paucissimi
1515 2907 1551 2960 et
1561 2891 1758 2967 interdum

96 3023 241 3121 singuli
261 3020 489 3092 lectionibus
511 2998 680 3090 adessent
692 3044 704 3098 ;
743 3019 827 3109 ipso
849 3018 1108 3110 Brodhagenio
1132 3017 1309 3088 suadente
1336 3017 1490 3088 societas
1508 3019 1758 3110 patriotarum

97 3175 178 3222 non
198 3150 279 3220 sine
298 3147 426 3216 dolore
449 3167 518 3215 suo
533 3166 553 3212 a
570 3159 704 3212 conatu
724 3118 904 3210 laudabili
921 3137 1066 3210 destitit
1081 3138 1332 3232 lectionesque
1352 3161 1491 3214 cessare
1511 3140 1638 3230 iussit,
1657 3160 1757 3218 ,tenu

10 3247 12 3258 Ι
97 3301 170 3374 pus
192 3276 246 3372 rei
269 3269 521 3367 exsequendae
542 3266 791 3364 opportunius
815 3279 1076 3362 exspectatura.
1098 3264 1132 3352 ο)
1154 3304 1210 3316 --
1232 3263 1393 3334 Felicior
1418 3289 1607 3340 successus
1630 3271 1756 3344 alteris
1819 3247 1834 3255 „
1881 3253 1886 3262 ’

99 3396 516 3500 contigit-lectionibus„
543 3394 681 3490 quippe
696 3415 761 3486 per
777 3390 973 3462 duodecim
989 3385 1107 3462 annos
1130 3390 1331 3461 continuos
1348 3391 1481 3484 (1791·
1493 3399 1600 3483 ¹802)
1617 3421 1754 3496 magno

99 3509 186 3606 cum
202 3529 381 3624 applausu
397 3521 545 3595 habitis.
563 3521 626 3612 Ἴ)
678 3525 778 3615 Quae
793 3535 829 3590 et
842 3518 944 3616 ipsae
959 3542 1088 3616 quarn,
1105 3515 1201 3592 sicut
1217 3513 1306 3590 illae
1316 3517 1464 3606 alterae,
1486 3523 1655 3594 semestri
1663 3517 1756 3600 'bru‘-
1775 3603 1776 3606 ,

153 3765 203 3840 at)
225 3749 402 3824 Historiam
416 3753 522 3816 'huius
542 3755 689 3816 muneris
704 3757 745 3816 'in
762 3774 858 3816 usum
874 3767 1047 3815 nautarum
1063 3774 1081 3814 a
1098 3744 1626 3839 societate-patiiotsrum*suscepti
1645 3781 1752 3826 narra·

225 3885 291 3932 tam
316 3866 452 3948 reperies
475 3865 510 3924 in
531 3863 782 3926 Commentariis
804 3867 978 3934 societatis,
1011 3884 1091 3945 quae
1113 3862 1350 3924 inscribuntur:
1388 3865 1660 3950 Verbandltmgen
1687 3871 1754 3934 ratiti

124 4043 136 4052 ,
227 3969 393 4150 δοῆτῗιεη
416 3973 473 4034 aler·
495 3972 675 4053 Hanr'brtrg.
700 3967 920 4061 Gesellsclrdft
941 3994 998 4034 zur
1018 3964 1250 4061 Befdrderung
1270 3971 1328 4032 der·
1350 3975 1477 4033 Isat'rrste
1499 3976 1753 4046 arianimirum

219 4091 305 4156 ιθαι)
324 4085 379 4150 rbe
392 4085 501 4146 Vols.
515 4103 585 4166 pag.
602 4083 653 4161 69.
670 4084 739 4147 ηδ.Ι
759 4093 825 4161 147.
847 4084 916 4145 Vol.
933 4100 963 4154 2.
978 4105 1009 4166 p.
1027 4091 1143 4161 20..4·5.
1155 4081 1228 4144 vol.
1243 4094 1273 4158 3.
1290 4101 1323 4164 p.
1342 4093 1388 4159 15,
1402 4091 1454 4162 48.
1473 4083 1541 4148 llol.
1550 4097 1586 4166 42·
1595 4111 1626 4171 p.
1641 4102 1752 4174 2245,

156 4265 160 4267 ,
229 4216 280 4280 9ι.
300 4210 368 4273 130.
383 4193 453 4256 Vol.
470 4203 500 4269 5.
516 4214 548 4274 p.
563 4214 610 4264 rr.
624 4192 675 4266 68.
690 4191 759 4254 Vol.
774 4195 803 4256 6.
822 4215 854 4276 p.
871 4193 923 4268 76.

137 4340 207 4416 Η)
223 4335 371 4400 Historia
383 4345 420 4392 et
438 4331 608 4412 descriptio
630 4329 729 4390 buius
745 4329 930 4412 disciplinae
950 4332 984 4392 in
1002 4349 1107 4392 assum
1125 4326 1285 4390 artificum
1303 4303 1502 4410 comparatae
1519 4337 1692 4419 perscripta
1704 4339 1753 4399 le·

215 4427 316 4532 [gitur
328 4445 370 4506 ,in
387 4441 470 4502 libro
491 4439 589 4502 morlo
609 4435 753 4507 laudato:
778 4440 947 4504 llerbandl.
964 4441 1033 4504 trud
1049 4436 1209 4502 Schriften
1226 4438 1282 4502 der
1296 4441 1531 4522 ¹patriotischen
1543 4432 1754 4510 oeaeusehafr

186 4613 189 4620 .
223 4557 298 4621 llol.
317 4569 351 4626 o,
366 4571 402 4636 p.
426 4549 586 4628 265··3t'6.

882 4637 998 4720 Hcs
