4466 6000
482 605 632 697 studio,
654 587 731 704 qun
750 627 837 706 erge
856 629 1011 700 omnes,
1034 607 1101 708 qui
1121 605 1206 684 eius
1221 604 1426 690 consilium
1448 623 1513 685 aut
1529 633 1641 708 opem
1660 593 1877 680 ullomodo
1899 617 2183 700 exposcerent,
2222 668 2223 703 Ν

482 734 673 810 ferebatur
684 733 823 808 eximio
840 753 877 810 et
890 763 1049 835 prorsus
1061 738 1260 838 singulari,
1307 736 1598 812 Hisvirtutibus
1615 733 1809 829 accedebat
1827 733 2025 820 modestia,
2044 731 2183 803 conri-
2220 790 2223 846 ὰ

484 882 561 952 tas,
575 879 611 934 et
624 861 796 938 hilaritas
807 865 987 942 iucunda,
1011 947 1014 956 ,
1034 870 1135 942 Huic
1148 865 1330 974 inprimis.
1342 862 1388 936 in
1404 867 1688 940 conversatione
1701 879 1737 936 et
1754 862 1933 938 convictu
1949 861 2183 932 amicorum

486 995 534 1066 ad'
553 994 729 1064 animum
746 997 992 1072 relaxandum
1010 997 1207 1071 liberrime·
1220 993 1441 1092 indulgebat
1451 981 1485 1081 s
1497 1015 1616 1090 quum
1636 991 1853 1090 perplures
1874 989 1955 1062 dies
1977 989 2062 1062 sine
2084 991 2180 1060 ulla

484 1121 774 1196 intermissione
785 1117 824 1196 et
841 1126 1025 1198 omnibus·
1034 1124 1183 1200 viribus
1195 1123 1388 1197 contentis
1400 1123 1644 1196 laboraverat.
1692 1120 1850 1216 Inopiae
1862 1135 1901 1192 et
1919 1141 2078 1190 casuum
2095 1118 2173 1188 hu·

486 1273 691 1326 manorum
714 1245 922 1348 patientem
940 1251 1060 1326 fuisse
1069 1306 1085 1343 ‚,
1115 1269 1154 1324 et
1185 1249 1231 1324 in
1250 1250 1405 1326 ad'versa
1428 1247 1524 1324 adeo
1548 1247 1704 1322 fortuna
1727 1231 2023 1319 ad'hitaritatem
2045 1269 2174 1340 aeque

456 1402 463 1410 ·
490 1397 605 1476 etque·
621 1377 673 1451 ati
690 1378 835 1454 laboris·
853 1383 1142 1454 contentionem
1160 1405 1310 1477 semper
1322 1379 1591 1474 compositum,
1604 1399 1651 1450 ex
1671 1375 1780 1448 omni
1801 1357 1884 1447 'eius
1903 1371 1982 1448 vita
2002 1391 2174 1446 constat.

490 1501 543 1580 Ut
557 1510 666 1582 brevi?
685 1533 778 1609 ergo·
788 1511 1100 1605 complectamum:
1122 1525 1200 1580 erat
1218 1507 1283 1582 vir
1292 1505 1460 1580 maxime
1473 1503 1706 1593 industrius,
1729 1503 1796 1600 qui
1811 1503 1954 1576 mirum
1974 1521 2172 1598 quantum

483 1635 840 1725 tabori's.exhausi‘t‚.
859 1655 938 1709 erat.
948 1637 1055 1709 idam
1074 1637 1210 1708 doctor·
1221 1633 1444 1708 utilissimus
1467 1651 1504 1706 et
1523 1635 1568 1706 in
1584 1657 1658 1708 suo
1670 1615 1807 1733 genere
1821 1625 2176 1730 singuiarishami-

443 1827 452 1844 .
492 1787 562 1836 cus·
577 1762 810 1852 fidissimtp·,.
828 1765 1038 1866 marituset
1052 1781 1181 1860 pater„
1200 1765 1379 1862 coniugis·
1391 1779 1432 1835 et
1441 1763 1672 1850 liberorum,
1694 1761 1817 1834 donec
1834 1785 1943 1832 sanae
1962 1779 2037 1832 erat
2051 1785 2178 1832 men·

493 1889 569 1974 tis,.
588 1887 892 1978 amantissimus„
912 1891 1035 1962 homn
1048 1863 1222 1990 summae
1233 1891 1433 1988 probitatis
1441 1867 1654 1980 ,⁴0andoris
1667 1905 1705 1960 et
1721 1887 1982 1985 simplicitatis.
2029 1887 2179 1960 Iustis·

495 2009 639 2086 timum
650 2011 857 2112 igiturnos
867 2039 1000 2090 omnes
1013 2035 1117 2090 tenet
1131 2036 1213 2090 tam
1229 2019 1306 2092 cari
1318 2018 1452 2115 capitis
1467 2015 1718 2093 desiderium!
1736 2079 1741 2084 .

594 2145 701 2214 Haec
710 2141 793 2216 Viri
810 2145 1124 2240 praestantissimi
1143 2143 1263 2218 studia
1288 2145 1592 2246 flagrantissima,
1624 2137 1723 2217 han'e
1738 2143 1840 2218 vitae
1858 2145 2042 2216 actionem
2064 2169 2176 2240 prae·

431 2367 434 2372 Ι
497 2273 662 2358 darant„
676 2269 748 2342 has
764 2271 885 2345 animi
897 2273 1060 2344 virtutes
1077 2273 1236 2346 eximias
1248 2275 1470 2362 imitamini,
1498 2275 1608 2348 Cives
1624 2273 1818 2346 carissimi.
1869 2279 1926 2344 Its
1945 2275 2173 2362 memoriam

498 2397 667 2470 tortoris.
681 2397 802 2472 vestri
813 2397 1054 2473 dilectissimi
1070 2419 1202 2476 sancte·
1216 2403 1414 2478 servabitis
1429 2419 1465 2475 et
1481 2402 1626 2498 optime
1645 2401 1814 2473 recoletis
1825 2398 1838 2473 l
