4466 6000
1223 445 1379 492 Β*

463 471 515 543 ,11

472 648 601 728 captus
622 629 714 719 fuit,
748 641 791 702 ut
812 651 892 701 eam
911 613 1107 726 nunquam
1129 623 1332 720 reciperen
1370 610 1492 718 neque
1511 623 1840 698 Timmermannus
1863 617 1971 694 omni
1992 601 2072 692 arte
2098 632 2155 688 et
2223 611 2224 626 ¹

409 815 427 848 ,
471 781 575 850 cura,
601 781 711 854 quam
733 757 922 832 assiduam
940 758 1129 843 adhibuit,
1156 753 1361 852 quidquam
1380 749 1548 846 profecit.
1601 745 2152 824 (31111111111111111111111111111-ι
2223 749 2224 826 l

473 885 536 976 da,
561 885 661 979 quod
682 911 748 980 per
768 888 872 982 ipsos
891 888 1093 960 octodecim
1112 907 1275 968 menses,
1303 879 1440 974 quibus
1456 904 1543 950 eum
1558 879 1726 974 hospitio
1743 901 1811 948 suo
1828 893 1863 945 et
1878 871 2050 942 convictu
2073 871 2155 942 fo·
2223 829 2224 920 1

470 1014 545 1098 vit,
572 1037 703 1085 omnes
719 1019 929 1104 molestias,
950 1040 1039 1112 quas
1055 1013 1235 1110 iniquitas
1251 1026 1287 1082 et
1304 996 1673 1080 aerumnae'amentis
1690 1023 1726 1078 et
1742 997 1875 1074 furiosi
1891 1015 2027 1083 creant,
2043 1021 2152 1068 0012·

364 1121 367 1127 *
469 1133 610 1212 stanter
625 1145 835 1236 pertulerit,
859 1169 985 1240 neque
999 1145 1044 1214 ab
1062 1140 1183 1214 officio
1199 1138 1408 1240 velmediui
1422 1139 1484 1210 vel
1498 1135 1633 1210 tutoris
1651 1133 1723 1204 ulla
1739 1143 1900 1218 ex-parte
1923 1126 2144 1198 0188111111-

469 1268 573 1340 Huic
594 1287 715 1340 tantae
733 1271 825 1340 boni
842 1249 1093 1368 Brodhagenii
1112 1268 1283 1340 miseriae
1304 1285 1348 1338 ut
1365 1291 1468 1338 mors
1488 1265 1626 1361 placide
1645 1277 1735 1324 m⁰X
1753 1251 1868 1322 finem
1886 1251 2037 1341 faceret,
2063 1277 2143 1325 no·

471 1369 531 1466 bis
547 1396 742 1484 omnibus,
777 1399 843 1492 qui
864 1399 939 1492 ipsi
958 1399 1052 1468 bene
1073 1398 1331 1491 cupiebamus,
1362 1391 1566 1488 optandum
1586 1379 1722 1475 magis,
1751 1403 1881 1474 quam,
1913 1405 1961 1450 ¹¹⁰
1983 1379 2140 1468 faceret,

470 1522 717 1594 metuendum
738 1512 963 1598 videbatur.
990 1531 1112 1618 Atque
1129 1539 1284 1593 eventus
1302 1529 1446 1616 quoque
1470 1522 1598 1598 ⁰P²³²⁰
1621 1507 1979 1601 11081101θδΡΟΙῚᾶῘῑ·
2031 1515 2140 1582 Nam

470 1657 589 1748 quum
602 1651 747 1746 11111111
765 1651 840 1722 111111
858 1651 935 1722 dies
951 1654 1046 1722 lecto
1063 1646 1213 1720 affixum
1229 1635 1408 1753 torruisset
1423 1631 1661 1706 imbecillitas
1678 1650 1715 1704 et
1729 1635 1869 1707 virium
1884 1634 2065 1720 defeetus;
2095 1637 2139 1709 d.

469 1777 632 1864 115Μᾶ11
653 1779 745 1844 111111
765 1795 858 1862 18⁰5
882 1779 1025 1870 1111111111
1047 1795 1164 1850 morto
1184 1746 1397 1857 exspiravit,
1426 1761 1596 1832 luctuosa
1619 1759 1685 1832 illa
1706 1761 1852 1834 scholae
1870 1780 2019 1834 nostrae
2039 1765 2141 1836 utri-

361 1992 369 2002 ,
430 1959 434 1968 .
469 1903 786 1999 que,reipublioae
805 1929 846 1975 ac
865 1902 964 1977 suis!
1007 1887 1010 1894 ⁴
1240 1981 1243 1987 ,

573 2029 766 2134 Nimirum
787 2044 939 2140 reliquit
961 2051 1103 2130 praeter
1125 2032 1325 2130 coniugem
1344 2027 1517 2124 uiduam,
1544 2028 1591 2100 de
1610 2045 1731 2102 morte
1752 2031 1879 2104 mariti
1901 2049 2136 2129 praematura

470 2173 683 2262 dolentem,
709 2189 866 2270 quatuor
887 2162 1025 2234 liberos
1045 2166 1216 2261 lugentes
1242 2187 1287 2230 ex
1310 2159 1378 2228 hac
1399 2175 1602 2252 susceptos,
1627 2157 1703 2280 tltto
1729 2158 1829 2231 lilios
1852 2178 1889 2230 et
1909 2160 2000 2233 duas
2020 2159 2134 2236 filias.

468 2304 569 2371 Nam
590 2301 719 2390 tgulas
742 2287 855 2374 lilius,
886 2289 987 2360 Hom
1000 2283 1178 2387 jurabas,
1204 2283 1308 2380 prius
1323 2286 1485 2372 iuniore,
1513 2307 1647 2380 nempe
1663 2313 1693 2358 a.
1712 2308 1818 2379 1791,
1836 2307 1959 2375 natus,
1985 2291 2135 2361 tertios

467 2443 575 2517 passu
596 2437 696 2484 anno
718 2439 738 2484 e
763 2415 837 2485 vita
858 2413 1036 2486 discessit.
1054 2461 1056 2466 ,
1097 2419 1155 2483 Ex
1170 2413 1230 2482 his
1245 2433 1379 2500 autem,
1408 2414 1474 2508 qui
1490 2413 1610 2484 adhuc
1623 2414 1664 2483 itt
1679 2415 1778 2486 vivis
1794 2434 1894 2504 sunt,
1922 2417 2025 2489 lilius
2040 2437 2137 2490 natu

473 2545 612 2631 maior,
637 2541 802 2642 nJoutntes
825 2541 1017 2632 Georgius,
1041 2542 1118 2610 iam
1143 2567 1286 2610 annum
1309 2540 1436 2610 aetatis
1460 2563 1571 2634 agens
1596 2541 1782 2610 decimum
1805 2560 1995 2631 octavum,
2028 2562 2136 2640 patre

474 2674 594 2748 adhuc
613 2670 765 2742 vivente
788 2686 903 2740 artent
924 2669 1136 2739 saccharum
1158 2667 1345 2770 cpqttendi
1360 2683 1396 2736 et
1411 2665 1566 2760 parandi
1582 2665 1721 2736 discere
1738 2686 1922 2761 coeperat,
1949 2670 2013 2742 ted
2029 2689 2136 2766 patre

475 2818 640 2884 mortuo,
667 2797 826 2867 consilio
842 2813 999 2880 mutato,
1027 2794 1175 2880 Elstero,
1200 2795 1285 2867 viro
1304 2794 1580 2879 honestissimo,
1607 2794 1714 2865 navis
1734 2797 1917 2868 rotundae
1941 2803 2134 2892 (mereato-

475 2927 565 3013 riae)
578 2921 776 3019 praefectc,
790 2921 831 2990 in
848 2897 973 2991 curam
989 2936 1025 2990 et
1039 2924 1194 2991 tutelam
1209 2921 1378 3007 traditus,
1399 2915 1625 2992 Teneriilam
1641 2922 1775 2994 itinere
1789 2925 1976 2998 maritimo
1991 2925 2137 3022 profec-

475 3071 539 3124 tus
561 3065 628 3133 est,
655 3045 821 3117 custodia
842 3045 1070 3114 tabernaculi
1090 3046 1197 3116 navis
1212 3046 1287 3140 ipsi
1305 3045 1535 3128 demandata.
1573 3057 1698 3144 Quum
1714 3073 1760 3120 ex
1775 3052 1847 3122 hoc
1861 3053 1994 3126 itinere
2008 3057 2134 3128 sulvus

474 3180 522 3251 ad
538 3202 628 3250 suos
644 3175 825 3260 rediisset,
840 3167 1201 3244 artem'scriniariam
1217 3172 1356 3246 discere
1370 3176 1493 3270 coepit
1501 3203 1512 3258 ;
1539 3178 1702 3271 parentis
1726 3182 1866 3254 mortui
1880 3187 2067 3256 voluntati
2088 3185 2136 3257 in

476 3331 520 3378 eo
544 3289 787 3388 satisfaciens,
809 3301 876 3397 qui
898 3299 1078 3395 opificum
1098 3303 1305 3374 industriae
1325 3301 1538 3373 fructuosae
1561 3321 1596 3372 et
1615 3305 1712 3376 vitae
1727 3330 1873 3380 securae
1888 3313 2138 3385 et-innocenti

462 3434 676 3531 ‘insiguiter
695 3430 838 3516 fatiens,
859 3447 903 3499 ut
921 3432 1012 3500 alter
1035 3449 1116 3500 uter
1137 3431 1238 3503 filius
1263 3433 1310 3502 ad
1332 3449 1448 3502 artem
1463 3430 1627 3525 aliquam
1643 3437 1874 3509 mamistriam
1889 3436 2135 3516 factitandum

402 3539 406 3544 Ι
474 3565 644 3636 animum
667 3562 876 3656 appelleret,
894 3582 1037 3652 semper
1052 3577 1251 3654 optaterat.
1300 3557 1433 3632 Filiam
1446 3583 1595 3654 quoque
1609 3577 1814 3658 utramque,
1829 3565 1990 3662 virgines
2005 3572 2137 3640 lectis·

473 3690 599 3774 simas,
624 3686 780 3783 egregiis
802 3685 948 3781 ingenii
973 3685 1163 3782 animique
1185 3683 1389 3759 virtutibus
1410 3710 1430 3754 a
1453 3703 1583 3757 natura
1608 3707 1767 3776 ornatas,
1796 3691 1871 3762 iam
1888 3695 2028 3804 adultas
2046 3699 2133 3769 reli·

474 3815 567 3910 quit,
595 3812 733 3907 quippe
755 3811 907 3878 alteram
922 3805 1088 3902 Sophiam
1104 3812 1263 3886 Marium
1279 3809 1455 3886 Amulium
1475 3813 1598 3908 primo
1622 3817 1803 3888 connubii
1819 3840 2016 3914 parentum
2029 3851 2132 3898 anno
2223 3895 2224 3912 ,

472 3958 599 4010 natam
614 3941 760 4027 (1787),
787 3937 939 4006 alteram
953 3933 1150 4012 Curuliuum
1167 3935 1412 4024 Elisabetltum,
1436 3939 1556 4011 tribus
1578 3941 1688 4012 annis
1703 3943 1772 4016 hac
1785 3945 1982 4021 iuniorem.
2027 3959 2133 4043 Hae,

475 4092 593 4164 quum
619 4063 731 4136 matri
760 4063 969 4134 carissimae
997 4063 1039 4134 in
1071 4066 1183 4139 domo
1213 4065 1506 4174 administranda
1535 4047 1676 4157 adsint,
1710 4073 1921 4169 artibusque
1941 4077 2132 4172 femineis,

475 4215 566 4288 quas
587 4193 702 4284 probe
725 4191 869 4276 callent,
892 4191 1114 4279 exercendis,
1138 4196 1251 4266 altera
1274 4219 1432 4291 quoque,
1449 4192 1625 4280 Catulino,
1641 4198 1683 4266 in
1700 4199 1821 4270 schola
1834 4205 1993 4295 puellari
2011 4209 2132 4282 erudi·

474 4316 586 4404 endo,
613 4310 690 4384 rem
709 4313 930 4388 familiarem
945 4315 1089 4405 iuvent,
1118 4321 1264 4394 luctum
1282 4321 1362 4394 eius
1383 4323 1561 4393 solantur.
1588 4328 1719 4420 Neque
1733 4326 1884 4399 silentio
1900 4339 2129 4425 praetermit-

471 4440 650 4531 tendum,
680 4437 861 4512 maiorem
882 4441 999 4542 ¹r'tatu,
1030 4441 1227 4536 Amulium,
1261 4451 1352 4526 artis
1372 4447 1589 4524 delineandi
1611 4473 1689 4525 esse
1710 4453 1808 4526 ultra
1834 4452 2127 4536 mediocritatem
