4466 6000
457 463 505 540 ει
1210 457 1363 477 ········

461 615 585 692 studia
598 615 840 700 humanitatis
857 630 893 685 et
908 609 987 686 stili
1007 607 1218 684 exercitatio
1234 606 1423 694 deessent3
1450 611 1776 684 seddiuturnitate
1794 633 1885 684 usus
1896 625 1941 683 'et
1968 609 2162 710 diligen·

460 747 533 818 tiae
556 745 671 838 oratio
691 743 769 812 eius
787 741 961 814 etiamad
979 742 1075 812 hanc
1095 740 1275 815 virtutem
1291 737 1412 836 magis
1432 741 1625 838 magisque
1642 757 1699 814 est
1720 753 1974 837 attemperata,
1997 755 2045 812 ut
2069 763 2159 809 ne·

463 897 534 970 que
555 871 598 940 ab
614 868 683 940 hac
702 865 880 964 vituperii
904 868 1109 964 quidquam
1131 868 1176 936 ab
1200 864 1463 940 attentioribus
1484 887 1580 942 certe
1599 869 1839 966 experiretur.
2122 865 2126 870 ’

561 1002 662 1068 Haec
690 995 736 1066 de
757 995 1019 1093 Brodhagenio
1040 990 1182 1074 doctore
1212 989 1365 1065 dicenda
1387 996 1599 1070 habuimus.
1660 1005 1719 1070 De
1740 990 1908 1093 scriptore
1933 995 2155 1068 audiamus
2212 1036 2214 1092 q

440 1150 644 1225 magnum
666 1125 881 1196 Germaniae
903 1139 1131 1221 geometram
1153 1119 1393 1212 iudicantem,
1421 1127 1488 1218 qui
1510 1121 1557 1196 tle
1579 1146 1619 1196 se
1639 1123 1815 1214 severius,
1844 1157 1854 1192 ι
1876 1124 1989 1195 &aliis
2005 1125 2149 1196 lenius
2210 1164 2214 1244 q

466 1255 594 1340 sentit,
618 1271 659 1324 ut
684 1255 807 1324 solent
823 1252 951 1348 magni
967 1252 1009 1322 in
1026 1275 1095 1322 suo
1109 1271 1243 1349 genere
1261 1247 1346 1332 viri,
1366 1249 1432 1344 qui
1446 1249 1539 1324 fines
1555 1252 1643 1322 attis
1660 1273 1747 1322 suae
1761 1251 1905 1322 emensi
1917 1251 1961 1324 in
1975 1251 2150 1322 interio-

466 1381 529 1454 res
548 1383 626 1451 eius
649 1403 811 1452 recessus
833 1395 1075 1473 penetrarunt
1100 1393 1137 1448 et
1159 1374 1288 1447 omnia
1309 1374 1495 1446 obstacula
1513 1393 1549 1448 et
1563 1374 1795 1460 difficultates
1812 1379 2052 1452 excellentiae
2069 1380 2149 1450 ali·

381 1599 384 1606 Ι
466 1508 570 1582 errius
595 1506 851 1602 adipiscendae
875 1520 1143 1602 cognoverunt.
1195 1501 1345 1602 Pseffius
1357 1500 1486 1600 igitur,
1517 1500 1709 1576 Professor
1721 1505 2045 1594 Helmstadiensis,
2066 1507 2152 1603 qui
2204 1522 2209 1531 '

466 1627 648 1706 amicitiae
667 1656 750 1732 erga
771 1656 832 1704 me
858 1631 1039 1728 singulari
1057 1631 1169 1700 etiam
1181 1629 1254 1700 hoc
1266 1626 1386 1714 dedit,
1412 1622 1459 1696 ut'
1468 1625 1653 1711 iudicium
1667 1653 1779 1704 suum
1793 1631 1840 1704 de
1855 1633 2145 1732 BrodhageniO,

466 1763 653 1833 librorum
676 1778 834 1845 auctore,
856 1782 1004 1830 rrrecum
1027 1757 1338 1844 communicaret,
1361 1753 1413 1826 ita
1436 1756 1626 1853 stantitr*)
1660 1759 1973 1859 „Rrodhagenius
1988 1770 2148 1851 Vester,

466 1910 612 1982 „quem
628 1901 664 1954 et
680 1908 747 1980 ego
764 1879 890 1954 earum
906 1883 1038 1971 habui,
1063 1902 1119 1956 est
1136 1909 1181 1955 ex
1198 1909 1242 1956 eo
1257 1884 1482 1979 scriptorum
1494 1907 1628 1984 genere
1643 1887 1772 2004 magni
1787 1889 2034 1980 aestimando,
2060 1892 2148 1990 qui

468 2015 685 2105 „adrerum
703 2035 748 2082 ex
764 2029 840 2086 arte
856 2037 921 2084 sua
933 2013 1188 2086 ‘communiter
1201 2011 1354 2086 utilium
1378 2009 1853 2129 scientiamlexplicandam
1873 2034 1911 2090 et
1932 2015 2148 2117 divulganq

469 2143 586 2232 „darn
597 2139 752 2238 ingenio
768 2158 805 2212 et
819 2160 951 2213 natura
965 2139 1149 2243 feruntqj
1203 2147 1322 2238 Quare
1336 2135 1370 2208 is
1384 2135 1534 2258 laudqm
1548 2138 1622 2210 sibi
1634 2165 1714 2213 non
1727 2142 1818 2214 inde
1831 2144 1986 2240 petiisse
1997 2162 2147 2240 putan-

417 2260 424 2266 ’
469 2267 572 2364 „dus
597 2285 670 2354 est,
703 2267 805 2363 quod
833 2267 1117 2362 disciplinarum
1146 2265 1486 2340 matbematicarum
1514 2291 1688 2363 campum
1714 2272 1827 2344 novis
1856 2253 2139 2348 accessionibus

467 2448 490 2488 „
500 2413 648 2494 augeret
654 2421 666 2478 ς
691 2393 807 2490 quod,
828 2419 946 2490 quum
966 2375 1137 2470 fortassis
1161 2396 1204 2466 in
1221 2395 1387 2466 Mathesi
1409 2390 1608 2484 difficilius,
1627 2421 1739 2492 quatu
1760 2399 1802 2470 in
1827 2377 1912 2472 aliis
1937 2402 2136 2494 doctrinis,

470 2527 713 2623 „contingat,
746 2524 825 2594 nisi
846 2548 866 2594 a
889 2526 1034 2619 paucis,
1067 2525 1189 2617 iisque
1217 2521 1483 2593 excellentibus
1508 2521 1673 2620 ingeniis
1700 2525 1863 2598 obtineri
1890 2555 1971 2602 non
1996 2548 2137 2626 potest.

470 2708 492 2746 „
502 2655 702 2752 cognitam
729 2649 881 2747 quidem
905 2650 1079 2723 habuisse
1102 2649 1254 2724 videtur
1274 2646 1467 2720 Mathesin
1488 2649 1734 2743 altiorem,**)
1749 2677 1881 2751 neque
1901 2673 2026 2732 tamen
2042 2659 2079 2732 ei
2092 2661 2138 2734 in

471 2781 655 2882 „scriptis
673 2777 885 2850 tractandae
900 2769 1104 2854 insudavit.
1160 2776 1329 2852 Omnino
1353 2775 1629 2873 enim‘scriptis
1651 2779 1731 2852 eius
1755 2787 2141 2885 caussamoriginem.

395 2908 401 2916 ’
472 2933 578 3004 „que
601 2908 762 2980 mraxime
785 2905 970 2978 dederunt
989 2908 1077 3016 loci,
1103 2905 1297 3002 temporis,
1316 2927 1590 3000 munerumque
1610 2906 1785 2998 rationes,
1809 2913 1945 3008 quibus
1965 2916 2139 2990 maximo

465 3057 587 3138 „cum
604 3031 730 3104 studio
747 3047 783 3102 et
800 3017 1016 3142 assiduitate
1032 3029 1260 3104 consulebat.
1292 3034 1413 3124 Atque
1426 3029 1540 3101 huius
1551 3031 1758 3108 indefessae
1771 3037 1988 3132 industriae,
2000 3068 2137 3119 omnes

466 3162 693 3262 „variorum
727 3180 928 3228 munerum
960 3174 1081 3250 partes
1107 3157 1320 3252 explentis,
1355 3171 1534 3252 tanquam
1558 3155 1703 3235 fructus
1727 3168 1920 3260 spectandi
1943 3189 2031 3244 sunt
2051 3165 2138 3247 eiu's

470 3288 600 3382 „libri
652 3285 821 3376 Habebat
836 3309 922 3379 prae
935 3283 1068 3356 multis
1081 3283 1325 3380 scriptoribus
1340 3281 1435 3372 aliis,
1452 3282 1628 3379 inprimis
1638 3290 1924 3384 mathematicis,
1945 3298 2018 3371 hoc
2032 3323 2138 3374 com·

471 3412 621 3508 „modi,
638 3413 740 3508 quod
751 3411 842 3516 libri
854 3411 937 3482 eius
949 3435 1015 3506 per
1030 3429 1089 3483 tot
1101 3411 1304 3485 hominum
1318 3433 1451 3508 genera
1464 3410 1746 3508 dissiparentur,
1773 3439 1867 3516 quot
1880 3423 2138 3501 institutioni.

472 3539 576 3634 „bus
599 3539 679 3612 eius
704 3538 936 3610 interessent.
1013 3538 1250 3635 Praecipuum
1273 3538 1638 3615 commendationem
1659 3545 1800 3620 habent
1819 3575 1839 3625 a
1855 3552 2139 3648 perspicuitate,

468 3696 803 3716 mm

521 3777 554 3858 ⁶)
577 3773 654 3838 Non
675 3775 806 3845 ver'eor,
827 3796 869 3837 ne
893 3777 1074 3860 germanica
1094 3775 1191 3840 amici
1211 3779 1310 3842 latina
1333 3777 1497 3854 faciendo,
1525 3795 1668 3868 amente
1683 3785 1753 3850 eius
1767 3789 1894 3871 uspiam
1908 3793 2137 3862 aberraverim.

537 3983 540 3990 γ
576 3885 731 3950 Ceterum
756 3883 876 3945 iudicia
901 3905 1040 3969 quoque,
1062 3905 1144 3970 quae
1170 3886 1256 3954 infra
1274 3889 1438 3954 indicibus
1458 3889 1620 3956 librorum
1633 3893 1850 3984 Brodbagenii
1866 3905 1999 3980 subieci,
2014 3899 2141 4002 Pfqffit'

576 4010 665 4062 sunt.
1790 4053 1794 4062 ,

398 4097 399 4100 ’
504 4109 556 4194 ·’)
576 4105 664 4174 Mihi
680 4118 764 4168 certe
779 4085 1216 4192 aliquandosBrodIregenins
1229 4109 1416 4188 affirmabat,
1430 4135 1463 4178 se
1478 4117 1514 4184 in
1526 4115 1667 4182 Matbesi
1681 4121 1791 4184 altiore
1803 4123 1909 4184 multo
1921 4125 1998 4206 plus
2017 4144 2139 4210 operae

576 4233 610 4282 et
622 4217 724 4282 studii
739 4215 918 4288 collocasse,
939 4237 1036 4316 quam
1052 4221 1241 4288 Br'tselu'um.
1295 4224 1383 4288 Haec
1401 4226 1540 4311 ingenua
1554 4219 1729 4310 professio,¹
1748 4233 1852 4298 arnico
1867 4233 1941 4306 soli,
1962 4235 2035 4298 sine
2049 4238 2136 4300 arbi-

574 4329 645 4399 tris,
663 4325 784 4397 factm
800 4314 931 4390 nemine
947 4341 1031 4394 tecte
1043 4333 1344 4416 poteritiactantiae
1358 4350 1390 4402 et
1402 4337 1551 4405 vanitatis
1568 4343 1671 4424 argui,
1687 4365 1705 4410 a
1721 4365 1784 4430 qua
1794 4358 1910 4434 ‚noster
1923 4360 1991 4414 erat
2005 4347 2132 4414 alienis-

575 4435 691 4503 umus.
742 4435 876 4504 Gurlt'tt.
1138 4438 1139 4449 ’
1328 4471 1333 4478 ·
