4466 6000
857 489 1011 516 ...-
1711 507 1759 584 ¹?

99 655 137 726 H
140 653 174 724 ic
190 649 248 724 illi
264 673 343 720 non
359 646 546 724 dubitavit
561 647 687 723 statim
701 642 878 720 lectiones
897 641 1145 722 arithmeticas
1159 647 1200 722 in
1216 617 1398 724 academia
1413 651 1759 750 mercatoria,quaru

101 807 120 854 e
138 806 176 853 se
189 778 406 852 institutam
419 803 505 852 cum
518 773 711 870 Ebelittgio‚
732 797 882 856 summo
897 771 1064 861 homine,
1089 776 1217 850 iuncta
1233 804 1318 850 cura
1334 782 1491 879 regebat,
1519 775 1756 870 demandaret

97 931 187 1006 quas
203 931 290 980 eum
307 923 409 980 tanta
426 905 601 994 sollertia,
617 903 833 980 dexteritate
848 918 885 974 et
901 899 974 976 fide
987 904 1136 995 habuit,
1157 924 1201 977 ut
1217 913 1386 980 Rectores
1410 909 1614 1004 academiae
1629 910 1758 1008 ipsum

96 1039 140 1110 in
156 1039 284 1110 locum
299 1035 460 1108 doctoris
481 1031 662 1132 ordinarii
676 1057 777 1108 anno
795 1031 1015 1130 insequente
1031 1036 1159 1130 (1735)
1174 1037 1436 1111 lubentissime
1454 1037 1673 1130 sufficerent,
1692 1067 1757 1117 va-

97 1163 307 1260 cuefactum
325 1166 435 1244 illum
460 1163 625 1238 discessu
647 1160 877 1247 Norrmenai,
909 1158 1135 1236 Professoris
1154 1163 1232 1236 iam
1252 1167 1551 1256 Rostochiensis,
1583 1168 1652 1265 qui
1675 1185 1759 1247 turn

96 1297 239 1394 collega
254 1292 382 1367 tertius
398 1291 441 1362 in
461 1291 585 1364 schola
600 1295 767 1372 -Joannea
783 1287 960 1364 docendis
975 1289 1136 1362 maxime
1151 1291 1270 1366 literis
1288 1295 1546 1394 geographicis
1560 1312 1596 1368 et
1609 1295 1758 1386 histori-

95 1425 149 1497 cis
172 1393 293 1495 fuerat
313 1420 554 1494 constitutus.
614 1425 740 1517 Quum
762 1417 879 1516 igitur
899 1419 1179 1520 Brodhagenius
1199 1424 1371 1495 moribus
1392 1451 1542 1522 quoque
1564 1443 1600 1498 et
1621 1428 1756 1503 studiis

96 1551 253 1650 privatis
278 1573 480 1646 puerorum
500 1566 538 1620 et
557 1549 742 1620 iuvenum
761 1546 938 1648 regundis
959 1549 1035 1620 iam
1055 1549 1329 1656 praeficeretur,
1355 1553 1396 1622 in
1414 1553 1621 1650 hospitium
1641 1557 1756 1630 simul

97 1698 136 1753 et
150 1679 368 1754 convictum
381 1677 586 1752 academiae
601 1677 755 1772 eiusque
768 1699 964 1770 procerum
979 1691 1034 1748 est
1045 1695 1252 1772 susceptus.
1280 1685 1368 1759 Jam
1381 1705 1470 1756 vero
1486 1681 1550 1755 en!
1570 1703 1758 1776 nostrum,

96 1809 300 1880 domestice
323 1809 497 1876 socictate
523 1825 611 1874 cum
637 1803 850 1872 duumviris
875 1795 1003 1874 vastae
1021 1801 1251 1874 eruditionis
1268 1821 1311 1872 et
1330 1831 1500 1890 summac
1518 1811 1757 1888 liberalitatis

92 1950 133 2006 et
147 1929 403 2016 humanitatis,
430 1927 580 2004 Bisaltia
593 1944 632 2000 et
646 1923 844 2040 Ethgio,
867 1925 1162 2024 Hamburgensis
1177 1927 1406 2024 reipublicae
1421 1937 1667 2026 ornamentis,
1683 1949 1757 2014 ar'c-

95 2063 241 2134 tissime
255 2033 445 2134 iunctum!
473 2063 533 2130 lin
547 2057 691 2128 eumin
706 2079 837 2127 museo
851 2055 1083 2146 Briscbiano,
1108 2057 1152 2128 in
1166 2059 1398 2164 amplissima
1411 2079 1452 2134 at
1463 2063 1757 2144 instructissima

94 2192 184 2272 artis
204 2215 290 2266 suae
309 2189 550 2273 bibliotheca,
576 2187 621 2259 in
642 2186 768 2290 medio
786 2201 965 2282 apparatu
984 2186 1328 2261 instrumentorum
1346 2192 1697 2271 mathematicorum
1719 2215 1759 2273 et
1852 2185 1858 2198 ⁶

94 2319 341 2418 physicorum
362 2341 447 2389 vere
466 2315 624 2402 exinrio,
654 2315 697 2385 in
719 2315 950 2410 promtuario
974 2317 1135 2414 denique
1150 2318 1383 2416 cognitionis
1407 2327 1580 2396 omnium
1601 2327 1699 2402 intra
1720 2347 1758 2404 et

96 2465 199 2518 extra
223 2453 412 2540 Europam
433 2444 629 2542 ingeniose
652 2459 690 2513 et
713 2443 882 2536 sollerter
906 2463 1032 2514 recens
1054 2443 1298 2514 inventorum
1318 2447 1569 2548 collocatum!
1621 2461 1665 2524 In
1687 2458 1758 2530 bao

97 2595 216 2668 opum
240 2570 582 2640 mathematicorum
604 2583 642 2637 et
663 2567 902 2660 physicarum
926 2562 1223 2658 locupletissimo
1244 2571 1354 2662 quasi
1377 2573 1513 2646 horreo
1540 2602 1756 2660 versantem

96 2723 248 2790 novum,
256 2695 463 2768 academiae
477 2694 583 2764 illius
601 2689 841 2780 familiarem,
862 2707 1044 2788 quantam
1060 2708 1097 2762 et
1112 2715 1224 2787 quam
1237 2693 1380 2792 largam
1396 2703 1591 2776 materiem
1610 2708 1758 2806 ingenii

95 2823 309 2914 excolendi,
334 2822 597 2917 doctrinaeque
616 2819 899 2914 locupletandae
915 2835 1069 2892 nectum
1082 2815 1200 2892 fuisse
1221 2837 1258 2891 et
1278 2821 1320 2891 in
1342 2849 1454 2898 usum
1470 2853 1585 2903 suum
1599 2859 1757 2912 conver.

95 2957 188 3028 risse
204 2951 455 3038 arbitramini,
482 2945 607 3022 Cives!
647 2949 816 3045 Agnovit
830 2971 984 3044 quoque
1003 2947 1103 3019 hanc
1112 2971 1221 3019 suam
1233 2950 1495 3026 conditionem
1508 2959 1758 3037 lautissimam
1803 2949 1807 2955 ’

98 3099 205 3181 grato
221 3083 392 3171 laetoque
403 3076 543 3160 animo,
567 3090 613 3141 ut
627 3074 732 3142 illam
748 3071 961 3142 studiorum
976 3092 1134 3139 suorum
1151 3075 1276 3140 sedem
1290 3093 1331 3141 et
1345 3079 1581 3152 domicilium
1595 3086 1757 3178 scholam,
1842 3149 1845 3158 .

100 3233 214 3308 quam
230 3204 498 3301 frequentaret,
522 3199 681 3276 altiorem
702 3219 833 3312 vocare
851 3197 1000 3268 soleret.
1053 3203 1228 3266 Ceterum
1246 3199 1402 3270 tradidit
1422 3201 1465 3274 in
1485 3205 1555 3279 hao
1568 3211 1758 3290 academia

102 3355 246 3434 praeter
258 3329 560 3416 arithmeticam,
572 3343 663 3424 post
676 3325 908 3397 Norrmanni
920 3327 1086 3414 abitum,
1108 3326 1227 3396 etiem
1238 3329 1548 3432 Technologiam,
1561 3340 1775 3423 chemlam.

102 3466 326 3552 technicam,
354 3458 549 3532 historiam
566 3473 740 3544 naturae,
763 3471 882 3527 artem
901 3452 1247 3552 cognoscendarum
1264 3471 1306 3526 et
1320 3455 1646 3544 diiudicandarum
1662 3497 1761 3548 mer·
1782 3509 1784 3512 ·

101 3597 215 3682 cium,
231 3593 308 3678 rel,
326 3592 377 3660 ita
393 3605 437 3658 ut
447 3609 536 3658 oum
548 3584 713 3656 alumnis
728 3581 949 3679 disciplinae
964 3607 1050 3655 suae
1061 3581 1179 3654 simul
1191 3579 1359 3658 officinas
1372 3605 1412 3658 et
1428 3587 1583 3668 fabricas
1597 3598 1760 3694 specum.

101 3721 162 3792 dis
185 3717 359 3814 operibus
383 3737 499 3784 manu
520 3729 671 3807 arteque
692 3708 801 3784 iactis
820 3710 971 3784 assidue
989 3708 1138 3796 obiret,
1166 3710 1294 3804 parvis
1315 3736 1467 3810 quoque
1486 3718 1687 3800 itineribus
1709 3729 1757 3802 in

103 3851 186 3922 loce
206 3846 329 3920 vicina
345 3865 427 3913 eam
445 3842 486 3910 in
508 3817 586 3912 rem
606 3837 724 3910 lactis.

206 3955 409 4068 Postquam
426 3967 487 4038 hic
502 3966 545 4036 in
564 3965 701 4038 studiis
721 3964 882 4037 docendi
898 3963 1141 4060 discendique
1158 3964 1384 4038 sexennium
1403 3993 1485 4043 non
1505 3974 1591 4052 aine
1608 4005 1757 4061 summa

107 4101 350 4175 contentione
366 4096 500 4166 diurna
518 4111 774 4189 nocturnaque
791 4093 1048 4191 transegisset,
1067 4115 1151 4162 eam
1162 4093 1283 4164 animi
1297 4097 1565 4175 relaxationem
1589 4109 1758 4210 vitaeque

109 4227 409 4301 commoditatem
425 4239 464 4292 et
478 4219 696 4292 felicitatem
709 4221 948 4316 anquirebat,
971 4245 1068 4317 quae
1078 4219 1249 4317 coniugii
1266 4222 1445 4297 beneficio
1458 4233 1659 4336 contingit.
1710 4249 1758 4316 111
1815 4243 1818 4252 '

108 4353 393 4428 matrimonium
405 4351 522 4446 igitur
534 4349 608 4420 sibi
626 4349 772 4444 petebat
786 4347 946 4423 Ralet'em
961 4347 1146 4432 Amulium,
1162 4345 1330 4422 Samuelis
1341 4349 1504 4429 Andreae
1518 4359 1647 4450 Willir',
1666 4393 1760 4442 mern

61 4569 65 4574 ι
109 4482 243 4556 catoris
268 4475 562 4574 Hamburgensis
583 4473 868 4567 honestissimi,
902 4476 1028 4550 filiam.
1096 4475 1222 4548 Huius
1246 4473 1407 4553 feminae
1431 4486 1568 4578 probae
1591 4509 1757 4572 materna

88 4611 91 4620 ’
946 4591 972 4657 C
