4466 6000
878 569 1032 596 ·······
1413 542 1423 549 ’
1475 629 1480 637 .
1759 567 1782 644 s

1504 659 1512 674 '
1617 660 1624 694 l

110 724 250 804 earnm
269 727 339 800 alia
362 723 473 824 aliam
491 727 629 804 mentis
650 723 843 824 animique
863 719 965 828 vim,
979 737 1156 821 tanquam
1170 726 1394 824 peculiarem
1409 735 1445 796 et
1458 719 1649 819 propriam
1662 714 1781 814 regio·

109 881 220 944 nem,
247 875 282 928 ct
305 858 411 954 quasi
434 858 549 930 totius
572 849 653 954 egri
676 851 876 954 subigendi
897 869 1051 948 partem,
1075 857 1149 928 sibi
1169 855 1411 930 excolendam
1429 851 1643 936 sumserint,
1669 846 1782 920 itaut
1890 829 1893 836 ¹

106 987 180 1081 qni
200 1013 314 1058 unam
333 1005 369 1058 et
385 987 475 1058 item
488 987 641 1056 alteram
655 985 895 1082 disciplinam
909 984 1019 1079 plane
1035 987 1251 1082 neglexerit,
1279 1008 1360 1058 non
1381 1004 1512 1056 omnes
1537 969 1683 1076 ingenii
1699 972 1780 1047 ani.

106 1115 246 1211 mique
262 1134 382 1212 partes
397 1113 601 1186 exercuisse
619 1115 914 1210 stlocupletasse
926 1111 1199 1187 existimandus
1218 1116 1278 1190 sit.

220 1245 330 1344 Quod
350 1246 395 1316 de
415 1243 593 1318 omnibus
616 1243 733 1316 literis
749 1245 863 1342 ualet,
886 1242 926 1314 id
943 1267 1028 1338 prae
1041 1244 1170 1316 ceteris
1186 1242 1358 1330 affirmari
1373 1239 1482 1314 debet
1496 1235 1542 1309 de
1560 1230 1777 1326 Plilohgr‘ar

107 1392 150 1446 et
175 1374 377 1449 Mathesror
401 1372 536 1444 studiis
557 1371 637 1459 illis
663 1371 708 1443 de
730 1369 869 1444 caussis
894 1371 1170 1467 copulandis.*>
1216 1379 1317 1446 Haec
1337 1373 1439 1446 euim
1461 1355 1616 1462 utraque'
1632 1385 1689 1434 ars
1704 1359 1779 1454 pri·
1857 1414 1863 1432 .

105 1525 203 1576 vam
228 1501 335 1596 quasi
357 1499 594 1596 provinciam
615 1501 763 1596 ingenii
781 1501 939 1572 humani
964 1521 1019 1575 est
1043 1503 1185 1592 sortita,
1209 1503 1251 1575 in
1278 1527 1349 1600 qua
1370 1497 1520 1572 ditanda
1540 1491 1780 1596 ornandaque

109 1635 292 1722 elaboret,
310 1649 354 1701 ut
371 1649 502 1716 neutra
519 1633 674 1702 eandem
695 1631 844 1702 laudem
863 1631 938 1704 sibi
953 1630 1142 1710 vindicare
1155 1629 1287 1726 possit,
1315 1627 1379 1702 sed
1401 1626 1599 1709 diversam,
1623 1635 1779 1710 utraque

105 1775 240 1829 tamen
259 1757 447 1852 propriam
459 1773 495 1824 et
508 1755 763 1842 domesticam,
791 1758 1020 1850 eandemque
1039 1781 1153 1851 aeque
1167 1781 1342 1853 magnam
1357 1771 1394 1826 et
1411 1747 1606 1850 egregiam.
1656 1748 1778 1835 Atque

102 1878 203 1950 haec
224 1904 282 1956 res
305 1879 412 1963 lecit,
438 1895 480 1948 ut
503 1881 858 1952 veteres‘Mathesin
880 1881 926 1952 ad
950 1883 1079 1987 orbem
1100 1907 1226 1958 oerum
1245 1881 1439 1952 literarum
1455 1874 1646 1955 referrent,
1673 1889 1778 1960 quae,

104 2011 255 2106 qnippe
288 2007 333 2076 ad
361 2006 634 2080 humanitatem
664 2011 773 2104 plene
799 2010 1040 2083 excolendam
1065 1981 1291 2095 tiactandae,
1326 2002 1596 2084 humaniorum
1621 1993 1779 2066 nomine

101 2137 335 2208 nobilitatae
362 2153 463 2206 sunt.
525 2140 633 2208 Hanc
650 2143 882 2216 ieiunandum
904 2139 1086 2212 dicebant.
1139 2105 1296 2209 Utinam
1323 2159 1412 2210 vero
1441 2127 1580 2202 recenti
1608 2141 1776 2234 tempore
1869 2203 1880 2224 ·

98 2289 308 2362 nunquam
325 2261 567 2350 exstitissent,
592 2261 669 2358 qui,
701 2269 861 2340 revulsis
876 2267 1122 2340 humanitatis
1136 2263 1320 2353 terminis,
1336 2288 1357 2334 a
1373 2257 1559 2334 veteribus
1575 2271 1671 2326 recte
1687 2273 1777 2342 con·

99 2393 267 2502 scituris,
297 2389 485 2460 Mathesin
509 2406 545 2460 et
569 2389 852 2486 Philosophiam
873 2417 892 2466 a
914 2401 1111 2466 Musarum
1136 2395 1249 2466 choro
1270 2403 1646 2488 segregarent,eoque
1663 2399 1776 2477 grave

98 2517 291 2590 damnum
306 2533 342 2586 et
358 2513 478 2584 literis
493 2512 587 2608 ipsis
603 2531 639 2584 et
655 2517 914 2596 studiosorum
929 2521 1085 2616 ingenio
1100 2519 1350 2603 inferrent.⁸*·)
1374 2521 1444 2586 iles
1460 2511 1590 2604 utiqm·
1603 2509 1775 2580 uberiore

100 2641 376 2740 disquisitione
401 2637 526 2733 digna,
554 2653 590 2706 et
613 2639 760 2724 vellem,
788 2665 812 2710 u
872 2658 1012 2716 astrum
1029 2643 1177 2740 aliquis,
1204 2643 1315 2726 cives,
1342 2663 1422 2714 eam
1446 2635 1634 2732 copiosius
1650 2657 1773 2729 perse·

88 2789 293 2868 queretur.
345 2765 446 2838 Mihi
471 2761 624 2859 quidem
640 2765 713 2836 iam
731 2655 926 2858 non‘sscat,
956 2771 1032 2866 nisi
1047 2771 1207 2844 summis
1221 2793 1345 2842 rerum
1359 2762 1588 2862 attingendis
1604 2760 1771 2860 defungi.

98 2897 201 3001 Quid
222 2899 331 2994 igitar
354 2903 415 2980 erl,
442 2891 534 2990 quod
556 2887 642 2965 clasii
665 2893 913 2970 Mathematico
934 2879 1117 2996 aircipliae
1141 2897 1366 2973 humanitatis
1378 2918 1506 2993 parum
1527 2901 1590 2968 utet
1610 2891 1695 2965 niti!
1708 2913 1771 2968 tx·

84 2998 222 3100 Nculto?
275 3019 372 3123 Quiri
389 3028 451 3104 est,
476 3016 570 3112 quod
590 3015 781 3096 desiderari
803 3026 839 3098 in
861 3051 896 3099 sa
913 3031 1081 3122 patiatur
1095 3027 1337 3122 Philologeta
1359 3007 1619 3102 Mararmanis
1633 3017 1768 3098 artibus

97 3149 232 3232 rudis?
286 3145 513 3241 Incipiamus
537 3141 582 3214 ab
605 3143 688 3216 hoe.
1569 3163 1572 3170 .

208 3277 340 3352 Nostis
363 3273 528 3369 primum
549 3270 724 3342 omnium
748 3291 786 3345 et
807 3277 1066 3377 praecipuum,
1101 3277 1204 3378 quod
1225 3276 1265 3349 in
1288 3271 1546 3350 mathematica
1566 3269 1766 3368 discipline

99 3431 236 3482 omnes
251 3400 459 3502 praedicare
473 3397 614 3484 solent,
640 3401 939 3480 emolumentum
954 3433 1034 3479 csse
1048 3409 1089 3478 in
1107 3405 1282 3504 diligenti
1298 3405 1357 3476 via
1372 3421 1409 3474 et
1421 3401 1582 3488 ratione,
1610 3425 1681 3495 qua
1701 3403 1766 3472 do·

101 3535 223 3610 cando
244 3530 429 3630 procedat.
483 3515 618 3619 Neque
640 3523 742 3596 enim
766 3529 1084 3607 nisi-notionibus
1108 3531 1381 3605 accuratissime
1406 3526 1526 3600 finitis
1542 3526 1684 3598 decreta
1699 3549 1765 3626 squ

99 3659 345 3760 pronuntiat,
380 3667 672 3750 perpetuamque
704 3653 837 3728 seriem
864 3677 901 3732 et
924 3663 1103 3749 ordinem,
1117 3659 1400 3731 enuntiatorum
1424 3673 1461 3728 et
1480 3651 1765 3729 ratiociniorum

1465 3759 1468 3786 l

167 3897 207 3976 ¹⁴)
231 3891 365 3958 0³¹⁰¹¹¹⁵
383 3887 505 3950 Ffldef·
524 3887 688 3967 Hippius,
709 3887 834 3980 Collega
853 3913 962 3966 noster
977 3901 1013 3964 in
1029 3897 1136 3962 schola
1149 3894 1287 3960 loannes
1303 3905 1334 3958 et
1347 3881 1522 3974 Gymnasio,
1539 3887 1767 3962 aestumatissi-

233 4015 326 4066 mus,
349 3993 461 4058 docuit
477 3989 538 4052 Vos
556 4011 661 4072 nuper
682 3993 715 4053 in
737 4000 899 4076 oratione,
922 4025 983 4086 qua
1000 4023 1123 4084 munus
1138 3997 1326 4082 professoria
1343 3995 1523 4058 lllatheteos
1540 3996 1576 4057 in
1591 3995 1767 4076 Gymnaeio

225 4101 322 4173 amit,
344 4093 502 4184 quantuni
515 4097 659 4158 stadium
673 4101 866 4166 Mathesaos
881 4106 995 4168 emeat
1011 4101 1057 4198 ad
1072 4103 1281 4167 excolendam
1297 4113 1431 4166 arentem
1449 4105 1634 4166 humanam.

146 4265 201 4350 ιν)
223 4265 354 4332 Factum
377 4265 438 4328 hor
458 4259 549 4326 brevi
573 4276 646 4346 post
667 4265 771 4330 secula
794 4269 958 4336 decimum
982 4272 1137 4356 quintum
1160 4283 1192 4338 et
1212 4269 1377 4334 decimum
1398 4281 1536 4340 sertum.
1589 4266 1675 4332 Nam
1699 4268 1763 4334 illia

230 4371 346 4435 occulis
363 4367 589 4432 instauratores
613 4371 779 4432 literarum
795 4373 953 4438 bonarum
971 4377 1198 4458 coniungendo
1213 4391 1351 4460 utroque
1365 4379 1473 4440 studio
1494 4383 1642 4443 rotatum
1656 4392 1762 4440 aucto·

107 4485 111 4490 '
193 4479 356 4540 ·ritatem
379 4477 483 4537 adhuc
506 4477 728 4556 sequebantur.
782 4477 1001 4560 Conqueritur
1024 4479 1120 4542 etiarn
1144 4481 1355 4544 Rrrlrukerrius
1379 4483 1414 4542 in
1434 4481 1500 4544 vita
1522 4480 1762 4546 Hemsterlmail

228 4605 260 4670 p.
276 4597 397 4663 ὅσω.
414 4587 454 4648 de
469 4583 608 4648 Mathesi
623 4599 654 4648 et
668 4583 848 4671 Philologia
866 4589 987 4654 recenti
1003 4581 1103 4654 aetate
1118 4609 1174 4673 per
1188 4591 1391 4658 literatorum
1409 4591 1570 4678 ignaviam
1590 4591 1762 4656 disiuncta.
