4466 6000
934 417 942 460 l

839 565 992 587 -....
1582 558 1739 637 ,3,

175 721 249 794 Sed
267 718 520 795 nihilominus
542 717 700 793 docendi
719 715 798 788 eius
817 711 913 794 ratio
934 731 1010 786 erat
1029 720 1185 820 egregia.
1237 725 1327 793 Erat
1341 721 1430 790 haec
1448 717 1500 788 ita
1521 727 1741 808 comparate,

14 827 16 834 '
59 861 110 915 ut
139 847 273 920 omnia
301 850 346 920 ad
370 873 484 920 usum
506 871 630 919 rerum
655 861 692 916 et
715 840 1006 940 intelligentiam
1029 847 1247 920 auditorum,
1269 845 1544 920 accommodate
1569 840 1739 912 traderet.

59 975 203 1068 Itaque
220 999 327 1072 saepe
344 975 467 1046 mirati
488 989 579 1044 sunt
594 997 679 1042 eunt
698 969 773 1066 ipsi
787 969 978 1040 literarum
994 973 1105 1066 periti
1121 993 1158 1048 et
1172 945 1301 1048 idonei
1319 974 1602 1057 existimatores,
1620 962 1753 1066 quum¹

56 1095 101 1166 in
121 1099 358 1174 lectionibus
375 1098 671 1187 Eimbeolriauis,
698 1103 790 1195 quas
813 1119 924 1192 supra
944 1103 1253 1193 commemoravi,
1284 1119 1427 1178 tantam
1445 1118 1483 1172 et
1501 1117 1580 1170 tam
1598 1094 1740 1169 variam

56 1227 289 1302 auditorum
305 1226 516 1316 colluviem,
541 1251 587 1300 ex
602 1213 791 1326 magistris
809 1219 1050 1318 officinarum,
1077 1232 1313 1306 adiutoribus
1328 1255 1458 1304 eorum
1477 1227 1741 1322 tironibusque

54 1359 210 1432 artium
226 1378 262 1432 et
277 1359 525 1456 opificiorum,
551 1345 818 1431 mercatoribus
835 1351 998 1453 denique
1011 1359 1109 1430 varii
1120 1361 1269 1458 generis
1283 1379 1320 1431 et
1339 1362 1476 1446 cultus,
1492 1354 1605 1428 etiam
1619 1352 1740 1425 doctis
1825 1437 1829 1442 ⁵

55 1488 297 1582 quibusdam
314 1503 567 1575 constantem,
592 1485 634 1558 in
651 1508 798 1558 summa
820 1485 1031 1558 attentione
1049 1489 1168 1560 animi
1183 1507 1219 1562 et
1235 1491 1312 1562 alto
1331 1487 1483 1561 silentio
1504 1481 1739 1561 sermonibus

11 1601 13 1620 ⁸
55 1615 144 1688 suis
163 1617 400 1690 detinentem
410 1613 599 1726 audirent.
652 1611 723 1684 Sed
743 1609 894 1707 penitus
915 1613 1066 1710 cognita
1086 1617 1244 1690 babebat
1262 1615 1459 1714 imperitae
1477 1610 1738 1688 multitudinis

55 1743 212 1834 studia,
238 1768 376 1832 mores,
391 1741 634 1838 opinionum
649 1761 802 1824 errores,
828 1739 1060 1844 cognitionis
1074 1744 1232 1815 modum
1248 1763 1285 1816 et
1299 1745 1501 1830 rationem,
1526 1741 1683 1816 virtutes
1700 1755 1737 1810 et

53 1869 175 1952 ritia3
202 1893 313 1964 quam
329 1849 588 1965 cognitionem
607 1885 680 1934 usu
696 1877 733 1932 et
747 1862 1030 1933 conversatione
1046 1883 1083 1935 et
1096 1864 1275 1938 familiari
1290 1867 1576 1960 colloquutione
1594 1883 1671 1936 erat
1684 1887 1740 1938 as·

53 2011 257 2090 sequutus.
309 1993 413 2064 Hinc
434 1989 649 2063 facultatem
670 1989 835 2060 luctatus
858 1993 935 2060 erat
951 1989 1064 2078 hanc,
1090 2009 1133 2062 ut
1149 2017 1228 2065 non
1252 2011 1403 2065 tantum
1424 2017 1465 2066 se
1484 1988 1591 2064 facile
1612 1989 1659 2064 ad
1679 2013 1739 2062 eo·

52 2145 144 2192 rum
160 2139 331 2194 mentem
348 2117 642 2212 accomnmdaret
659 2139 813 2212 eamque
833 2117 938 2212 quasi
959 2117 1151 2208 indueret,
1176 2121 1242 2194 sed
1260 2122 1304 2192 in
1324 2121 1494 2194 animum
1512 2143 1662 2218 quoque
1675 2143 1736 2192 eo·

51 2271 163 2338 rum,
192 2247 388 2322 accedente
402 2241 622 2343 praesertim
643 2243 703 2317 sui
718 2239 843 2344 ,animi
865 2238 984 2340 aperti
1000 2245 1242 2349 sirtfiicitate
1257 2267 1295 2322 et
1312 2222 1491 2338 candore,
1514 2272 1554 2322 se
1567 2247 1737 2321 insinua·
1770 2245 1775 2255 “

51 2395 132 2467 ret,
161 2401 303 2476 eosque
325 2394 429 2448 totos
453 2373 528 2447 sibi
549 2371 765 2446 devinciret.
817 2369 977 2446 Doctior
996 2388 1034 2444 et
1053 2357 1176 2472 magis
1195 2377 1401 2472 composita
1424 2393 1502 2448 erat
1516 2375 1599 2449 eius
1614 2375 1736 2447 oratio

51 2505 95 2576 in
112 2505 364 2592 lectionibus,
395 2521 486 2598 quas
501 2523 638 2573 corona
655 2498 837 2570 iuvenum
855 2497 1116 2574 studiosorum
1132 2503 1294 2600 stipatus
1307 2503 1478 2576 habebat.
1527 2501 1597 2574 Sed
1617 2501 1660 2572 in
1678 2523 1737 2573 ea·

52 2632 143 2704 dem
170 2627 449 2756 perspicuitatis
476 2643 512 2696 et
536 2641 707 2719 promtae
730 2619 923 2694 facilitatis
948 2629 1316 2702 commendationem
1342 2631 1470 2726 copiae
1494 2647 1532 2702 et
1555 2628 1735 2701 ubertatis

51 2758 168 2830 laude
187 2755 411 2830 cumulabat.
457 2749 652 2861 Interdum
670 2747 841 2820 doctrina
857 2747 938 2824 eius
955 2749 1069 2826 etiam
1086 2753 1250 2830 iucunda
1266 2775 1344 2845 erat
1358 2773 1396 2830 et
1408 2757 1547 2832 salibus
1564 2781 1737 2854 consper-

52 2907 102 2956 sa.
160 2890 262 2956 Haec
280 2879 481 2976 disciplina
500 2878 536 2966 ei¹
551 2893 657 2950 tanto
675 2873 824 2948 felicius
844 2882 1084 2975 procedebat,
1112 2885 1214 2982 quod
1229 2904 1305 2958 erat
1318 2887 1452 2976 oratio,
1478 2887 1597 2960 donec
1610 2905 1740 2960 mente

54 3029 92 3082 et
110 3014 245 3108 lingua
260 3011 428 3108 vigebat,
457 3005 646 3101 profluens
663 3023 699 3075 et
716 3005 797 3074 sine
810 3007 1059 3083 haesitatione
1072 3013 1222 3102 labens,
1249 3033 1286 3087 et
1299 3017 1402 3112 quod
1421 3015 1520 3087 nihil
1535 3015 1582 3088 de
1597 3015 1737 3110 scripto

55 3139 251 3224 recitabat,
278 3134 344 3206 sed
359 3132 489 3203 omnia
504 3153 549 3200 cx
565 3127 767 3199 memoriae
782 3127 990 3226 largissima
1007 3153 1109 3224 penu
1125 3131 1303 3206 uadebat.
1354 3141 1433 3234 Qua
1452 3137 1494 3208 in
1509 3162 1551 3209 re
1562 3135 1732 3234 profecto

55 3264 266 3338 memoriae
283 3285 349 3358 per
370 3253 668 3330 imbecillitatem
692 3254 825 3326 senilis
849 3255 978 3327 aetatis
1000 3274 1064 3327 aut
1078 3259 1307 3334 valetudinis
1321 3261 1572 3360 improsperae
1588 3262 1741 3338 labenti·

51 3419 94 3466 ac
112 3389 306 3465 deficienti
321 3409 455 3484 parum
471 3388 624 3469 caverat,
651 3397 694 3452 ut
709 3399 865 3454 eventus
883 3407 1032 3485 quoque
1051 3384 1192 3460 docuit.
1244 3387 1387 3462 Addere
1399 3393 1519 3482 liceat,
1534 3393 1645 3468 illam
1658 3392 1733 3468 viri

52 3519 269 3594 doctissimi
284 3515 503 3610 facilitatem
517 3535 558 3582 ac
571 3509 904 3606 promtitudinem,
931 3535 1002 3604 qua
1019 3511 1189 3608 quolibet
1206 3533 1373 3616 tempore
1388 3537 1424 3592 et
1437 3524 1522 3594 loco
1535 3523 1733 3621 perspicue

55 3667 91 3722 et
109 3625 219 3720 do⁰ote
235 3643 280 3714 de
301 3641 410 3711 rebus
426 3661 447 3709 e
465 3637 584 3708 literis
601 3635 680 3716 suis
702 3635 830 3730 petitis
854 3636 1032 3712 disserere
1048 3661 1211 3736 poterat,
1237 3665 1386 3718 nosmet
1405 3649 1508 3743 ipsos
1526 3675 1633 3746 saepe
1658 3652 1731 3724 mi.

54 3793 155 3847 ratos
171 3797 267 3860 essa,
296 3791 414 3866 quum
433 3764 476 3834 in
491 3761 661 3850 circulis,
688 3763 790 3858 quod
804 3761 880 3858 ipsi
895 3766 1153 3861 gratissimum
1169 3768 1383 3860 videbatur,
1403 3773 1626 3872 eruditionis
1642 3797 1731 3849 suae

55 3903 206 3976 loculos
222 3897 378 3996 aperiret
393 3909 430 3965 et
444 3890 589 3989 aliquid
604 3889 646 3962 in
662 3891 915 3988 praesentium
930 3885 1135 3968 utilitatem
1155 3894 1358 3973 conferret:
1385 3873 1488 4004 quod
1504 3921 1630 3978 tamen
1648 3927 1730 3982 non

56 4031 233 4120 faciebat,
260 4027 336 4100 nisi
351 4039 503 4124 rogatus
526 4022 571 4096 de
593 4021 716 4120 aliqua
737 4047 776 4093 re
798 4021 1015 4118 explicanda
1039 4041 1076 4096 et
1098 4025 1166 4120 pe'r
1185 4028 1372 4105 sermonis
1396 4033 1729 4131 opportunitatem,

58 4185 109 4234 ne
126 4155 336 4271 splendidis
356 4171 393 4227 et
405 4177 539 4249 parunt
553 4149 673 4224 doctis
688 4147 910 4224 hominibus
924 4151 1076 4250 ineptus
1092 4133 1293 4233 videretur.
1345 4167 1490 4258 Spectat
1508 4164 1593 4264 quis
1615 4125 1733 4240 subti-

9 4347 19 4368 .
59 4291 205 4362 litatem
220 4283 383 4360 docendi
397 4283 651 4366 strationem,
679 4303 809 4354 omnes
825 4299 945 4376 partes
963 4301 1000 4354 et
1015 4309 1071 4356 res
1088 4282 1288 4382 diligenter
1305 4287 1575 4368 describentem
1590 4312 1628 4368 et
1647 4312 1732 4396 apte

62 4435 289 4503 nectentem,
315 4412 430 4514 initio
454 4409 607 4506 quidem
623 4433 825 4480 munerum
841 4411 1080 4506 publicorum
1102 4432 1364 4510 susceptorum
1384 4421 1482 4494 hanc
1506 4423 1550 4498 in
1575 4449 1615 4506 se
1641 4451 1732 4529 quo·

63 4542 264 4620 dammodo
284 4537 483 4612 desiderari
501 4559 631 4660 passus
649 4559 727 4608 esse
750 4537 906 4624 dicitius
934 4539 1036 4640 quod
1051 4539 1194 4616 mirum
1216 4542 1335 4620 rideri
1356 4573 1435 4622 non
1454 4551 1586 4658 debet,
1612 4583 1732 4664 quant
