4466 6000
413 575 416 580 .
466 559 496 634 4
1219 559 1375 584 η*
1810 531 1814 562 Ι

472 740 597 808 „usus
616 694 700 788 tuae
719 711 838 799 illius,
865 735 978 809 quam
1001 712 1176 812 relegisti,
1200 711 1390 784 doctrinae
1404 689 1609 791 recondito.
1661 716 1765 790 Idem
1781 712 2131 815 egosevercvobis,

473 849 541 938 „si
557 845 645 943 quid
659 841 870 913 auctoritati
887 868 988 915 meae
1003 839 1399 955 rabuiusspterdiro,
1418 867 1466 914 ne
1481 865 1653 940 proterva
1666 846 1812 942 ingenii
1829 845 2026 916 desultorii
2038 844 2138 914 levi·

418 1066 423 1084 .
475 1029 499 1068 „
508 993 591 1059 tate,
616 972 695 1045 sive
718 973 844 1067 potius
870 953 1039 1062 libidine,
1055 975 1130 1044 huc
1144 934 1237 1043 illuc
1251 987 1386 1044 temere
1401 973 1602 1073 vagemini,
1629 999 1722 1070 quae
1739 973 1870 1069 primis
1887 973 2002 1044 modo
2021 973 2140 1045 labris

472 1101 806 1201 „degustaveritis,
834 1103 978 1190 statim,
1006 1103 1038 1174 si
1059 1101 1337 1197 displicuerint,
1365 1099 1559 1174 fastidiose
1582 1101 1847 1198 relinquentes.
1907 1101 2027 1172 Pestis
2047 1104 2140 1172 llaec

473 1251 562 1326 „est
578 1250 615 1302 et
628 1218 808 1326 pernicies
823 1233 1047 1304 eruditionis
1064 1233 1215 1304 solidae.
1234 1239 1256 1272 ¹‘
1289 1236 1389 1301 Haec
1407 1225 1691 1304 Hemsterlrusios.
1718 1237 1850 1326 Neque
1866 1248 1932 1315 est,
1947 1229 2142 1298 carissima

474 1364 611 1458 capita,
635 1361 735 1455 quod
760 1355 1014 1431 difficultatem
1031 1359 1350 1457 laboristplurium
1365 1357 1502 1430 artium
1517 1357 1643 1428 studio
1661 1355 1910 1429 exhauriendi
1929 1363 2141 1451 perhorres·

473 1489 574 1561 catis.
637 1491 707 1555 Est
724 1487 885 1560 enimes
902 1489 1027 1574 seculi,
1052 1489 1154 1583 quod
1165 1487 1307 1576 vivitis,
1326 1482 1496 1572 felicitas,
1523 1503 1567 1556 ut
1581 1489 1709 1558 multis
1728 1485 1973 1712 Kaeclaris
1992 1483 2141 1556 studio·

474 1643 560 1692 rum
585 1605 735 1710 auxiliis
762 1617 1005 1700 abundemus,
1030 1615 1166 1710 quibus
1186 1611 1367 1708 pristinae
1387 1632 1521 1686 aetates
1538 1637 1618 1686 non
1635 1599 1718 1686 sine
1823 1640 1873 1684 no
1891 1613 2139 1684 incommodo

413 1743 416 1749 ¹
473 1741 544 1822 'suo
561 1727 743 1816 carebant.
796 1751 896 1815 Haec
912 1744 1105 1838 praesidia,
1121 1741 1329 1814 dummodo
1343 1740 1489 1838 ingenii
1505 1739 1661 1814 facultas
1679 1759 1714 1812 et
1728 1743 1882 1812 erectior
1900 1741 2016 1812 animi
2032 1741 2143 1812 indo·

470 1853 530 1948 les
552 1894 632 1941 non
654 1869 765 1956 desit,
789 1871 849 1940 via
865 1873 973 1965 plana
992 1847 1320 1966 et'cornpendiaria¹
1334 1893 1402 1940 vos
1417 1869 1582 1942 breviori
1595 1889 1761 1966 tempore
1775 1873 1819 1940 ad
1835 1873 2038 1940 multarunt
2056 1871 2140 1939 lite·

474 2023 601 2074 rarum
622 1997 729 2088 adyta
754 1999 974 2092 perducem,
1002 2001 1047 2067 ad
1062 2023 1154 2094 quae
1167 1995 1372 2068 maioribus
1390 1997 1523 2068 vestris
1540 2023 1604 2093 per
1618 2001 1756 2070 ntultas
1770 1998 1990 2094 easdemque
2005 1999 2138 2088 arduas

476 2129 647 2224 ambages
663 2143 698 2196 et
715 2123 901 2196 anfractus
913 2109 994 2195 erat
1014 2127 1296 2221 penetrandum.
1327 2167 1370 2180 -
1400 2126 1500 2222 Quid
1515 2151 1603 2199 vero
1619 2127 1689 2212 illi,
1717 2126 1793 2222 qui,
1819 2127 1942 2222 pravis
1957 2126 1998 2202 lu
2017 2127 2137 2196 litera·

475 2268 559 2328 rum
576 2253 702 2328 studio
721 2253 1045 2336 consiliisdelusi‚
1068 2254 1109 2325 in
1139 2278 1214 2323 una
1234 2252 1358 2348 aliqua
1378 2269 1455 2323 arte
1469 2253 1697 2324 haerendum
1716 2277 1793 2324 esse
1807 2251 2031 2324 autumant?
2080 2251 2133 2324 Hi

474 2393 633 2486 parrum
649 2407 736 2454 sane
750 2379 840 2474 quid
859 2363 894 2450 et
910 2380 1053 2482 humile
1071 2381 1241 2474 sapiunt,
1267 2405 1385 2474 quum
1402 2398 1578 2476 tanquam
1594 2379 1834 2450 illiberalium
1849 2399 1885 2452 et
1901 2379 2136 2452 sordidarum

474 2514 611 2583 artiutn
636 2503 798 2577 studiosi
825 2504 865 2572 in
891 2504 1032 2574 artibus
1053 2504 1232 2601 ingenuis
1247 2506 1515 2597 pertractandis
1532 2507 1680 2608 lucrum
1697 2507 1860 2582 maxime
1877 2493 2136 2582 aut'lnnorem

473 2656 539 2710 ant
555 2635 644 2704 alias
662 2655 775 2702 vanas
791 2655 914 2701 rerum
934 2631 1071 2726 species
1087 2648 1306 2724 sequuntur.
1358 2637 1481 2728 Atque
1496 2631 1538 2702 bi
1556 2629 1633 2704 fere
1649 2657 1729 2706 eam
1744 2632 1864 2729 ipsam
1879 2635 2005 2722 artem,
2024 2657 2140 2730 quam

475 2767 548 2840 sibi
570 2745 798 2856 delegerunt,
823 2773 899 2828 tam
922 2757 1091 2854 angustis
1120 2757 1260 2854 linibus
1286 2757 1614 2843 circumscribunt,
1641 2775 1684 2830 ut
1700 2761 1796 2830 ultro
1812 2763 2025 2858 vulgarium
2040 2785 2140 2833 com·

434 2941 437 2952 .
475 2889 701 2990 prndiorum
725 2887 880 2956 maciem
901 2885 967 2957 vix
989 2909 1114 2980 sapere
1131 2862 1300 2956 audeant.
1354 2885 1642 2979 Deproperanda
1658 2881 1760 2956 eriim
1774 2887 1895 2958 studia
1914 2911 1995 2961 esse
2010 2887 2140 2960 clanti-

475 3035 568 3106 tant,
593 3033 634 3086 ut
654 3013 850 3086 commoda
874 3012 937 3081 illa
961 3013 1101 3083 scilicet
1122 2995 1314 3106 praeclara,
1338 3016 1431 3106 quae
1447 3011 1557 3084 unice
1570 3015 1831 3106 spectaverint,
1857 3031 1964 3086 tanto
1980 3016 2138 3087 celerius

474 3113 728 3238 assequantur.
782 3147 882 3232 Quae
899 3153 1022 3240 autem
1039 3137 1235 3226 commoda
1249 3159 1342 3210 vana
1361 3135 1403 3206 in
1421 3153 1497 3206 arte
1515 3135 1689 3208 discenda
1706 3141 1855 3240 sequuti
1871 3158 1972 3230 sunt,
1997 3167 2035 3212 ea
2061 3139 2139 3212 fere

475 3286 514 3340 et
537 3270 578 3336 in
600 3266 728 3336 eadem
752 3261 918 3332 facienda
942 3262 1158 3357 respiciunt,
1187 3263 1278 3335 adeo
1304 3281 1347 3333 ut
1368 3261 1599 3350 muneribus,
1626 3287 1719 3359 quae
1734 3267 1833 3335 nacti
1850 3286 1951 3356 sunt,
1975 3267 2136 3364 publicis

364 3387 368 3398 ’
476 3395 518 3467 in
545 3413 726 3488 magnum
747 3383 859 3458 eheu!
893 3404 929 3456 et
951 3387 1143 3460 literarum
1168 3405 1204 3460 et
1227 3389 1450 3484 reipublicae
1474 3389 1742 3462 detrimentum
1767 3415 1877 3492 opera
1900 3396 2076 3467 subitaria
2093 3413 2138 3492 yet

477 3519 731 3622 perfunctoria
754 3513 973 3614 fungantur.
1056 3522 1104 3588 At
1125 3516 1253 3588 literae
1276 3517 1395 3589 bonae
1415 3516 1583 3614 profecto
1606 3519 1781 3590 divinum
1803 3521 1945 3617 aliquid
1970 3525 2135 3618 spirant;

478 3632 653 3725 divinum
683 3666 770 3742 ergo
805 3641 983 3738 quiddam
1010 3639 1121 3716 iniis
1145 3645 1411 3738 amplectendis
1433 3647 1676 3741 spectandum
1698 3663 1772 3719 est:
1807 3647 1853 3718 ad
1876 3649 2140 3723 sublimiorem

479 3769 699 3872 sapientiam
723 3785 760 3838 et
778 3768 968 3876 virtutem,
989 3769 1061 3864 boc
1084 3786 1152 3858 est,
1172 3770 1218 3841 ad
1246 3771 1305 3841 dei
1327 3774 1630 3867 similitudinem,
1652 3773 1700 3846 iis
1720 3751 1845 3848 attolli
1859 3777 1969 3850 debet
1985 3778 2136 3852 animus

454 3875 625 4007 ’noster-3
658 3899 704 3968 ad
726 3897 814 4004 baec
834 3897 951 3993 igitur
971 3897 1101 3968 altiora
1122 3899 1163 3968 in
1183 3897 1231 3970 iis
1254 3904 1453 3978 tractandis
1477 3901 1699 3974 enitendum
1724 3921 1790 3977 est.
1844 3905 1916 4002 Qui
1943 3928 2065 3980 autem
2089 3910 2137 3980 ad

477 4031 566 4102 haec
581 4027 712 4100 altiora
727 4023 940 4098 studiorum
956 4025 1112 4096 consilia
1129 4045 1255 4099 mente
1267 4053 1333 4100 sua
1348 4053 1542 4126 exsurgere
1557 4028 1668 4115 valet,
1685 4051 1753 4098 nae
1768 4027 1800 4100 is
1814 4025 1922 4118 facile
1936 4034 2136 4132 intelliget,

390 4237 393 4242 ,
479 4182 590 4233 omres
605 4165 697 4230 artes
714 4151 870 4229 liberales
884 4175 951 4225 non
966 4161 1098 4226 tantum
1109 4165 1298 4250 propterea
1311 4155 1432 4228 studiis
1447 4155 1576 4228 nostris
1590 4179 1660 4230 esse
1675 4157 1912 4248 caesarianae,
1927 4161 2021 4256 quod
2034 4189 2137 4240 unum

478 4289 578 4392 quusi
593 4285 704 4358 orbem
720 4281 917 4384 conficiunt,
943 4303 1047 4376 neque
1063 4277 1148 4354 odeo
1165 4282 1235 4358 ulla
1245 4284 1316 4357 sine
1328 4286 1533 4380 reliquorum
1549 4283 1751 4358 adminiculo
1766 4285 1855 4359 recte
1863 4290 2000 4385 percipi
2009 4291 2134 4386 possit,

478 4420 541 4508 sed
558 4419 626 4488 hac
639 4435 787 4509 quoque
805 4411 849 4481 de
866 4433 1000 4496 caussa,
1015 4410 1110 4506 quod
1119 4409 1169 4486 ad
1180 4413 1307 4500 ingenii
1319 4413 1500 4507 mentisque
1514 4408 1605 4484 vires
1620 4411 1799 4494 acuendus,
1823 4411 1872 4486 cd
1892 4415 1998 4496 animi
2017 4417 2134 4519 studia
2192 4513 2194 4520 Ι

480 4541 675 4630 excolenda,
698 4537 746 4613 od
758 4559 867 4613 mores
890 4531 1029 4631 denique
1037 4537 1221 4635 fingendus
1235 4542 1287 4617 ito
1303 4543 1510 4640 conspirent,
1529 4557 1573 4662 ut
1587 4539 1663 4614 uisi
1677 4540 1859 4639 singule,
1883 4562 1979 4620 certe
1996 4567 2132 4642 genera
