4466 6000
844 585 999 626 ·““““···
1695 613 1738 668 ιι

80 759 186 844 eninr
201 776 378 856 quantam
395 755 476 832 vim
491 735 622 833 habeat
635 759 678 830 in
696 743 820 828 mente
835 753 1146 864 pueriliregentla
1166 776 1202 830 et
1214 759 1421 848 formanda,
1437 758 1622 846 nondum,
1637 757 1740 855 quod

79 889 216 975 sciam,
243 889 498 986 diligentiusa
518 911 705 982 quoquam
727 877 963 978 explanatum
980 899 1045 954 est.
1098 885 1138 956 Si
1151 909 1239 959 vero
1256 887 1346 958 haec
1359 883 1441 982 plus
1456 883 1559 961 habet
1579 888 1614 960 t'n
1632 909 1739 960 reces-

78 1037 136 1099 sa,
164 1037 266 1110 quum
282 1015 457 1110 insectata,
484 1031 526 1098 ut
541 1012 799 1110 Quintilianus
820 1009 889 1096 ait,
917 1027 1152 1105 quantumst
1172 1037 1283 1108 quam
1301 1039 1411 1112 grave
1431 1033 1668 1090 momentum
1685 1015 1739 1088 el·
1776 1059 1778 1066 ,

79 1142 192 1218 tiaris
213 1161 249 1216 et
270 1171 448 1222 aeterternae
465 1144 730 1230 Grammaticae
745 1140 790 1210 ad
804 1155 899 1224 recte
913 1153 1022 1232 atque
1036 1138 1168 1210 ordine
1181 1141 1479 1239 cogitandum'et¹
1488 1144 1737 1234 scribendum,

78 1269 346 1342 exercitatione
360 1270 567 1356 accedente,
595 1263 816 1348 statuemus!
834 1303 883 1318 -
909 1264 1076 1336 Omnino
1096 1282 1220 1338 autern
1235 1268 1538 1358 Mathematicus,
1566 1269 1739 1346 sicutce·

78 1415 250 1470 terarum
264 1399 459 1486 doctorum
477 1397 619 1492 quivis,
644 1395 835 1466 literarum
851 1389 1118 1460 humaniorum
1140 1393 1264 1462 studia
1280 1394 1321 1463 in
1334 1397 1450 1467 omni
1469 1391 1545 1490 nita
1567 1397 1640 1469 sibi
1655 1424 1741 1494 pro·

80 1525 189 1600 desse
210 1502 363 1614 sentiet,
389 1525 500 1600 etiarn
515 1524 589 1612 ibi,
614 1523 682 1609 ubi
700 1519 857 1592 minime
875 1519 1091 1613 suspicetur.
1123 1519 1242 1592 'Nam
1261 1521 1349 1592 licet
1369 1547 1456 1594 sane
1472 1525 1518 1594 ad
1532 1527 1741 1604 Mathema·
1818 1565 1822 1572 ·

79 1653 202 1724 ticum
222 1677 372 1749 quoque
390 1649 607 1738 transferre,
634 1647 875 1747 quodCicero
894 1645 1074 1736 alieubi*)
1099 1647 1491 1723 deoratoreaffirmat:
1517 1655 1739 1728 nemorstin
1781 1703 1786 1712 ·
1827 1646 1831 1655 Α

77 1780 436 1857 Mathematicorum
455 1779 652 1850 doctorum
666 1781 800 1868 nume'ra
816 1768 1007 1856 habendus,
1032 1775 1091 1866 qai
1106 1799 1172 1849 non
1195 1787 1244 1849 est
1262 1778 1306 1850 iis
1319 1778 1475 1865 artibus,
1499 1793 1680 1876 quaesunt
1697 1781 1740 1860 lt'·

78 1902 162 1982 bero
184 1905 328 1998 dignae,
350 1903 563 2000 perpolitus:
586 1899 809 1998 ,quitastpsis
830 1898 861 1972 ri
877 1897 919 1968 in
936 1899 1227 1972 theorematibus
1245 1901 1545 1977 demonstrandis
1562 1923 1599 1976 et
1618 1907 1661 1977 in
1682 1933 1739 1982 ra.

73 2032 254 2116 ¹tionibus
270 2027 467 2106 effatorum
489 2027 729 2125 expediendis
745 2051 817 2100 aon
838 2027 962 2112 utitur,
988 2036 1100 2102 tamen
1121 2038 1270 2124 apparet
1284 2039 1387 2126 atque
1405 2042 1538 2121 exstat,
1563 2044 1676 2110 atrurn
1692 2035 1741 2110 sit

77 2180 196 2236 earum
216 2159 339 2245 radic,
364 2183 409 2232 an
434 2155 600 2262 didicerit.
651 2183 654 2190 ’
679 2155 741 2240 Ut,
767 2154 825 2249 qai
841 2151 920 2249 pila
942 2152 1076 2246 ludant,
1099 2180 1165 2229 non
1186 2165 1327 2232 utuntur
1349 2159 1384 2234 iu
1404 2159 1482 2256 iprca
1505 2159 1634 2238 lusione
1652 2163 1742 2239 arti·

71 2289 156 2389 ficio
165 2289 318 2384 proprio
328 2287 546 2383 palaestrae,
572 2279 633 2357 sed
643 2281 863 2378 indicatipse
879 2291 1005 2381 matur,
1025 2281 1247 2357 'didicerintne
1257 2283 1490 2380 palaestram,
1515 2312 1560 2364 an
1575 2291 1741 2374 nesciente

79 2423 113 2488 et
133 2413 350 2508 quietiqaid
363 2399 522 2509 fingunt,
555 2409 619 2481 etri
639 2417 711 2498 tarn
728 2407 868 2502 pictura
890 2403 976 2480 nihil
994 2417 1150 2492 utantur,
1175 2418 1302 2495 tamen,
1328 2422 1440 2485 utram
1461 2416 1572 2488 sciant
1589 2419 1742 2511 pingere,

81 2564 126 2612 an
152 2541 324 2625 nesciant,
348 2523 413 2610 non
439 2535 615 2609 obrcterurn
640 2541 710 2606 est:
740 2533 789 2605 sic
809 2533 851 2602 in
873 2533 932 2602 his
954 2533 1162 2604 rationibus
1185 2533 1427 2610 arithmeticis
1451 2539 1666 2630 ductandis,
1697 2545 1740 2618 in

72 2665 142 2738 ,his
165 2659 288 2735 effatis
307 2657 578 2735 mathematicis
597 2654 828 2739 evincendis,
855 2653 988 2726 etiarnsi
1004 2655 1149 2750 proprie
1173 2665 1304 2752 ceterae
1324 2685 1390 2736 nan
1414 2659 1615 2743 adhibentur
1638 2677 1743 2758 artes,
1850 2671 1851 2674 ’

84 2801 196 2865 taneta
204 2786 315 2884 facile
328 2783 541 2870 declaratur,
568 2791 680 2858 atram
697 2781 745 2867 ir,
771 2779 830 2876 qui
845 2779 1092 2865 demonstret,
1119 2789 1251 2856 tantam
1271 2784 1371 2860 moda
1389 2789 1423 2862 in
1440 2787 1503 2864 lac
1516 2787 1740 2891 geometrico

84 2937 194 3010 opere
212 2913 259 2986 rit
272 2913 431 3000 iactatus,
447 2931 492 2984 an
508 2909 554 2979 ad
568 2910 791 2978 mathemata
806 2905 1094 2976 demonstranda
1111 2903 1262 2981 omnibus
1277 2909 1431 3004 ingenuis
1447 2915 1582 2993 artibus
1597 2923 1744 2998 instruc·

73 3053 140 3116 ,ἐπε
161 3039 348 3116 accerserit.
379 3076 430 3094 ·-
457 3041 610 3108 Possem
640 3058 731 3127 quae
747 3027 844 3126 dixi,
872 3031 1050 3122 exemplis
1067 3035 1466 3111 etMathenraticorum
1480 3063 1516 3112 et
1529 3048 1742 3148 Philologu-

71 3191 172 3252 ,aum
186 3167 230 3250 in
244 3181 440 3256 utramque
456 3175 599 3254 partem
619 3155 854 3238 corrhrmare3
880 3152 945 3225 sed
966 3154 1062 3224 mala
1078 3157 1263 3250 exempla,
1288 3175 1332 3230 ut
1347 3160 1465 3252 aiunt,
1492 3145 1582 3240 sunt
1597 3170 1739 3249 odiosa,

71 3301 190 3368 .Bona
208 3285 388 3384 poscitis?
429 3263 787 3380 EPhilologis„qui
803 3278 1081 3351 mathematicae
1105 3280 1305 3359 subtilitati
1333 3288 1496 3360 multum
1519 3291 1740 3388 debuerunt,

72 3415 394 3506 2Hcmrterlaaeium,
420 3409 622 3510 Gesaerarn,
647 3407 857 3494 Ernestiam,
884 3405 1190 3484 eMathematieis
1205 3424 1328 3480 autem
1342 3409 1592 3508 banemultis,
1618 3421 1741 3510 litera·

84 3575 170 3622 rum
188 3529 355 3618 doctrina
371 3541 418 3630 ad
434 3535 835 3636 elegantianrexcultis,
862 3533 1098 3622 Kaectuerura,
1122 3531 1299 3634 Psaffiunr,
1322 3537 1632 3638 Hindenburgium,
1650 3547 1740 3626 ΚΙῐῐ.

83 3667 459 3768 gelirrm„Lareaziunt
481 3687 787 3736 commemorasse
808 3658 974 3736 sufficiet.

74 3869 78 3882 .
160 3859 165 3884 ς
188 3826 318 3904 Nolite
337 3817 659 3904 dubitaremus,
682 3817 723 3886 in
748 3804 1130 3910 quorum-muneram
1145 3813 1380 3890 referendum
1395 3821 1516 3896 dicant
1531 3823 1737 3924 Broddage-

88 3952 178 4028 „pum
201 3967 384 4020 nostrum,
435 3951 560 4039 Quum
577 3943 676 4013 enim
692 3943 871 4013 sinceram
888 3941 1092 4026 veritatem,
1114 3941 1320 4014 adulationi
1341 3969 1454 4042 aequa
1469 3975 1510 4022 ac
1522 3953 1650 4026 timori
1666 3959 1741 4030 ini·

73 4079 236 4163 micam,
255 4073 429 4150 sennium
443 4053 989 4164 dictorum*factorumque'vir't
1003 4069 1096 4140 boni
1110 4071 1230 4168 legem
1244 4053 1610 4160 suntmamha'beeme
1629 4085 1741 4160 etiam
1824 4113 1828 4122 ·

92 4203 251 4275 amicum
272 4223 352 4270 non
378 4198 496 4282 aliter,
518 4195 594 4306 nisi
612 4215 696 4268 vere
718 4195 947 4268 laudandum
969 4221 1047 4269 esse
1071 4193 1246 4284 arbitror,
1273 4203 1507 4298 maculasque
1523 4207 1622 4300 eius,
1644 4205 1739 4310 'quas
1782 4217 1791 4226 ’

91 4327 220 4435 inopia
238 4345 299 4396 aut
317 4322 546 4396 educationis
561 4321 703 4446 incuria
717 4320 828 4442 fudit,
843 4323 1031 4396 liberrime
1048 4324 1270 4411 confitenda,
1288 4343 1334 4416 et,
1350 4329 1382 4400 si
1398 4327 1480 4402 lieri
1491 4335 1624 4431 possit,
1637 4365 1740 4415 exou-

92 4483 423 4502 μαι-’Ἥ

176 4563 210 4641 *)
233 4563 272 4620 cle
291 4558 377 4622 Orat.
400 4579 432 4631 ι,
458 4557 505 4622 ι6.

921 4651 1000 4722 Ba
