4466 6000
455 457 503 522 ab
1205 463 1359 486 ““““““““

452 637 568 714 quam
581 615 794 718 linguarum
808 609 1098 690 cultissimarum
1111 611 1296 701 sardium,
1322 598 1617 715 scriptorumque
1633 612 1809 691 omnibns
1825 615 1973 689 dicendi
1988 618 2132 692 virtu-'r

454 744 556 818 tibus
569 743 971 840 praestantissimorum
985 741 1159 838 frequens
1173 739 1285 812 lectio
1303 758 1339 812 et
1353 741 1607 838 interpretatio
1628 747 1671 820 in
1691 745 1903 818 excolendis
1919 745 2122 817 inferiori<

453 871 524 974 bus
545 871 673 959 etiarn,
698 895 788 968 quas
804 872 952 960 dicunt,
978 869 1117 943 mentis
1138 866 1377 940 facultatibus
1400 870 1592 942 exerceat?
1637 873 1822 944 Memoria
1834 851 1927 946 *sano
1945 875 2044 945 uaria
2072 891 2120 945 et

453 997 655 1092 multiplici
669 1000 957 1072 utilissimarum
976 1023 1101 1070 rerum
1117 995 1223 1091 copia
1244 996 1444 1090 impletura
1476 995 1710 1094 imaginandi
1726 1001 1783 1074 vis
1804 999 2115 1100 moisia³elegan.

453 1125 554 1224 tibus
568 1140 633 1198 aut
647 1126 861 1225 insignibus
879 1127 1046 1200 eiusdem
1054 1128 1107 1196 rei
1117 1125 1345 1222 imaginibus
1362 1140 1398 1194 et
1411 1123 1730 1216 phantasmatibus
1741 1145 1960 1216 exornatur,
1974 1155 2116 1203 sensus

347 1235 350 1240 ¹
452 1253 660 1329 venustatis
677 1270 714 1323 et
728 1255 946 1352 elegantiae,
970 1252 1228 1346 iudiciumque
1242 1249 1349 1336 recti,
1376 1250 1453 1344 apti
1471 1253 1877 1348 atque-demiserunt
1892 1273 1930 1326 et
1946 1259 2117 1354 perpoli·

336 1413 342 1420 ·
455 1399 536 1467 tur,
554 1381 762 1450 multarum
782 1381 1006 1467 notionum,
1031 1377 1200 1474 plurium
1218 1377 1433 1474 linguarum
1447 1379 1570 1452 verbis
1583 1395 1761 1477 tanquam
1772 1380 1907 1456 formis
1925 1409 2116 1480 expressa·

373 1523 379 1538 '
452 1530 555 1595 rum,
580 1507 777 1582 adiuvatur
797 1508 1057 1602 perspicuitas,
1087 1505 1246 1603 gravitas
1270 1521 1307 1574 et
1328 1505 1548 1600 amplitudo.
1607 1513 1751 1602 Spectat
1773 1501 1856 1604 quis
1879 1511 2049 1585 animum
2070 1533 2117 1586 et

452 1763 705 1847 liberalitatis,
729 1759 966 1830 fortitudinis
990 1759 1200 1844 extollitur,
1228 1756 1385 1854 egregiis
1406 1759 1604 1830 sententiis
1622 1759 1667 1830 de
1687 1761 1796 1832 rebus
1820 1761 1959 1835 divinis
1981 1783 2017 1834 et
2036 1768 2113 1836 hu·

452 1887 575 1962 manis
592 1885 639 1956 ad
654 1884 772 1958 vitam
787 1883 1053 1956 moderandam
1066 1882 1280 1990 instruitur,
1304 1885 1569 1956 excellentibus
1584 1887 1763 1980 exemplis
1779 1889 1824 1958 ad
1839 1913 1952 1963 omne
1965 1910 2111 1967 rectum

454 2032 491 2088 et
505 2016 707 2086 honestum
729 2011 923 2094 incitatur,
951 2010 1076 2082 omnis
1093 2009 1253 2104 denique
1273 2010 1429 2096 mentis,
1455 2010 1575 2080 animi
1592 2028 1628 2080 et
1647 2036 1798 2084 morum
1814 2015 1964 2089 habitus
1980 2018 2112 2091 huma-

351 2227 353 2234 Α
452 2139 581 2212 nitatis
603 2137 746 2236 egregia
767 2137 965 2232 disciplina
981 2140 1166 2210 formatur
1187 2160 1227 2206 ac
1249 2135 1482 2206 nobilitatur.
1534 2135 1659 2232 Quid?
1687 2140 1788 2232 quod
1806 2142 2112 2218 Mathematicam

454 2290 536 2340 eam
555 2283 670 2338 artem
692 2287 771 2336 esse
792 2280 956 2349 constat,
990 2263 1033 2332 in
1050 2287 1127 2358 ¹qua
1143 2259 1337 2356 praesidiis
1360 2261 1546 2355 aliquibus
1568 2262 1752 2334 advitam
1775 2267 2052 2342 exhilarandam
2074 2293 2112 2345 et

452 2393 574 2484 otium
589 2406 686 2463 recte
701 2387 962 2460 collocandum
970 2393 1062 2481 prae
1073 2387 1203 2456 ceteris
1217 2385 1464 2483 indigeamus.
1515 2389 1792 2469 Honestissima
1807 2415 1894 2465 vero
1907 2398 2114 2468 Mathema-

457 2521 557 2592 tieus
571 2515 728 2611 reperiet
741 2515 784 2582 in
801 2513 961 2610 eleganti
974 2513 1184 2604 literatura,
1208 2535 1301 2606 quae
1317 2512 1488 2582 animum
1501 2527 1579 2580 tam
1591 2511 1961 2596 iucundisilleceb'rie
1980 2520 2114 2595 devia.

457 2649 583 2734 ciunt,
608 2661 652 2716 nt
670 2645 773 2717 leves
788 2640 888 2714 vitae
907 2641 1137 2744 voluptates,
1161 2659 1330 2733 vanaque
1350 2637 1483 2734 gaudia
1500 2655 1537 2708 st
1557 2638 1670 2710 ludos
1690 2637 1870 2732 fastidiat,
1900 2645 2039 2739 quibus
2058 2647 2117 2720 fa.

460 2775 533 2850 eile
546 2773 740 2868 indulgere
753 2767 988 2863 reperiuntur
1003 2768 1068 2862 qui
1084 2767 1201 2854 nihil,
1225 2766 1302 2837 nisi
1324 2781 1440 2858 artem
1461 2789 1587 2852 suam,
1613 2768 1749 2841 callent
1768 2787 1805 2840 et
1824 2767 1979 2846 faciunt.
2031 2781 2113 2850 Usu
2177 2819 2181 2824 .

460 2898 567 2972 enim·
583 2903 762 2992 perpetuo
783 2893 1082 2988 comprobatum,
1110 2891 1213 2990 quod
1233 2892 1359 2964 cicero
1377 2892 1445 2962 ait:
1483 2890 1564 2966 hoec
1586 2892 1701 2968 studio
1724 2893 1983 2976 adolescentiam
2004 2901 2117 2992 munt,

459 2999 654 3102 senectutem
671 3018 857 3104 oblectant,
881 3020 1003 3090 nostis
1020 3021 1172 3116 reliqua.
1190 3021 1232 3111 *)
1282 3018 1392 3088 Unde
1413 3017 1573 3114 denique
1595 3021 1744 3096 dicendi
1763 3027 2023 3126 scribendique
2042 3034 2116 3103 ele·

459 3154 625 3254 gantiam
639 3163 675 3220 et
688 3147 894 3218 ubertatem
906 3143 1192 3218 Mathematicus
1207 3162 1307 3238 petet
1323 3145 1408 3232 sibi,
1429 3146 1506 3216 nisi
1521 3170 1541 3218 a
1555 3151 1792 3243 grammatica
1804 3171 1844 3224 et
1858 3157 1983 3228 critica
1996 3160 2116 3254 expli.

460 3278 664 3352 eandorum
679 3289 846 3348 veterum
863 3269 1085 3355 subtilitate,
1111 3271 1262 3364 quaein
1280 3271 1444 3344 diutione
1463 3272 1721 3351 minutissima¹
1732 3303 1902 3376 quaeque
1921 3287 2062 3358 excutit
2077 3305 2115 3358 et

458 3398 668 3502 ponderat?
705 3377 890 3470 Miramur
909 3419 1015 3490 saepe
1035 3395 1225 3483 homines,
1251 3397 1443 3468 literarum
1466 3400 1636 3489 scientia,
1665 3405 1735 3474 etsi
1759 3431 1954 3504 nunquam
1978 3415 2115 3485 studiis

459 3531 607 3603 scholae
620 3522 843 3608 vacaverint,
867 3541 946 3591 non
962 3521 1198 3594 mediocriter
1212 3527 1391 3612 excultos,
1418 3527 1484 3620 qui
1499 3528 1637 3600 neentis
1653 3553 1762 3602 sensa
1778 3533 1819 3604 in
1835 3539 1998 3633 negotiis
2014 3541 2117 3612 vitae

459 3674 497 3730 et
512 3653 659 3728 circulis
679 3650 884 3722 amicorum
900 3647 1056 3720 dicendo
1071 3673 1152 3720 non
1169 3652 1265 3722 male
1285 3651 1489 3746 exprimere
1506 3655 1668 3742 soleant,
1692 3656 1725 3726 si
1740 3673 1865 3736 autem
1883 3663 1930 3734 ad
1949 3667 2115 3738 scriben-

460 3784 552 3860 dum
573 3807 614 3854 se
634 3777 877 3864 contulerint,
903 3775 1003 3846 nihil
1026 3794 1187 3864 rectum,
1212 3775 1310 3846 nihil
1332 3801 1350 3847 a
1372 3777 1481 3878 vitiisg
1496 3801 1650 3872 purum,
1677 3780 1777 3854 nihil
1796 3787 1929 3862 ordine
1949 3794 2114 3886 quodam

461 3908 730 3982 sententiarum
744 3901 969 3998 dispositum
984 3920 1048 3974 aut
1061 3925 1161 3976 nexu
1177 3904 1303 4000 aliquo
1317 3921 1445 3998 aptum
1461 3897 1624 3997 proferre
1644 3909 1801 3983 valeant.
1854 3915 1982 3988 Videte
2000 3947 2115 4015 quae-

462 4059 518 4122 so,
534 4059 581 4106 ne
596 4035 684 4104 haec
697 4030 797 4103 labes
812 4053 831 4098 a
847 4029 1104 4125 grammaticae
1118 4031 1268 4118 latinae,
1294 4030 1356 4102 vel
1371 4027 1535 4126 uulgaris
1549 4030 1659 4104 istius
1676 4050 1714 4104 et
1729 4039 1932 4127 tralatitiae,
1960 4047 2113 4138 quaein

460 4160 606 4234 inhmis
635 4158 846 4230 scholarum
869 4144 1047 4228 classibus
1069 4156 1251 4248 traditur,
1289 4157 1460 4256 neglectu
1479 4155 1646 4263 maxime·
1670 4161 1721 4236 sit
1742 4168 1972 4262 repetenda·
2012 4179 2114 4251 Haeo

520 4421 565 4505 ,⁴2
581 4420 668 4486 Oret.
684 4437 743 4505 pro
758 4419 871 4482 Archia
886 4427 980 4500 poeta
1000 4437 1027 4483 c.
1043 4433 1074 4500 7.
1125 4459 1130 4466 ·
1155 4491 1159 4498 Ι
