4466 6000
319 519 721 651 ''st‘¹
1094 565 1373 640 ,······

552 726 593 803 d)
615 721 830 802 Abhandlung
843 715 924 780 iiber
942 715 995 780 die
1010 713 1230 800 Zubereitung
1245 715 1300 777 des
1317 713 1512 781 Fischbeins.
1556 719 1637 782 lbid.
1651 717 1720 780 Vol.
1741 733 1769 786 a.
1785 737 1817 800 p.
1834 730 1897 797 319
1910 739 1977 802 sqq.

433 833 438 840 '
556 843 591 914 e)
614 834 717 896 Ueber
734 829 982 913 dieehemalige
995 825 1189 909 Verfassnng
1210 825 1280 887 und
1302 826 1364 889 den
1379 833 1636 914 gegenwtlrtigen
1651 829 1795 896 Zusttnd
1815 829 1877 890 der
1890 827 2148 892 Manuiaeturen

473 956 541 1022 und
556 946 715 1014 Fabrilten
734 944 768 1003 in
785 940 965 1023 Hamburg.
1009 938 1098 1002 lbid.
1108 935 1177 999 Vol.
1194 951 1224 1012 3,
1241 958 1271 1018 p.
1291 947 1347 1016 143
1362 960 1430 1022 sqq,
1446 940 1511 1030 ι156
1525 961 1592 1024 sqq.

557 1062 590 1142 l)
614 1061 759 1140 Beitriige
775 1075 834 1115 zur
849 1050 1039 1114 Geschiohte
1055 1050 1112 1112 der
1127 1025 1246 1112 Ziinlte
1262 1050 1331 1110 und
1349 1049 1532 1132 lnnungen.
1576 1048 1658 1110 ibid.
1675 1070 1708 1130 p.
1728 1063 1796 1128 179.

557 1180 593 1262 g)
616 1171 722 1233 Ueber
739 1167 792 1228 die
805 1163 997 1245 Verhiitung
1012 1179 1077 1222 von
1093 1157 1320 1244 Fenersgefahr
1338 1162 1372 1220 in
1389 1159 1413 1220 F
1415 1159 1560 1224 abriken.
1601 1159 1683 1242 ibid.
1699 1160 1769 1222 Vol.
1785 1167 1816 1238 4,
1831 1179 1863 1242 p.
1878 1167 1935 1238 421
1956 1181 2024 1244 sqq.

557 1283 722 1349 Praeterea
740 1279 774 1337 in
792 1273 908 1336 iisdem
929 1273 1089 1334 societatis
1108 1272 1197 1332 illius
1215 1272 1294 1332 actis
1313 1273 1450 1333 insertae
1466 1285 1546 1332 sunt
1563 1273 1743 1352 sententiae
1756 1271 1973 1356 Brodhagenii
1991 1275 2148 1339 derebus

474 1405 573 1474 „affin
590 1401 686 1476 latae,
707 1387 1011 1453 commentationes,
1032 1401 1136 1466 quum
1152 1395 1234 1443 esset
1250 1383 1285 1441 in
1303 1383 1432 1450 delectis
1453 1383 1491 1442 ad
1511 1382 1653 1464 aliquam
1671 1401 1740 1442 rem
1761 1385 1958 1445 tractandam
1981 1399 2036 1448 aut
2054 1387 2148 1446 ordi·

476 1515 634 1584 nondam,
656 1507 790 1586 scriptae
806 1493 1239 1576 (Committienrbeiten),
1260 1491 1510 1576 significationes
1526 1507 1558 1555 et
1574 1495 1743 1556 relationes
1760 1493 1942 1578 descriptis
1962 1499 1995 1558 in
2013 1516 2147 1562 concer-

475 1623 652 1697 tationibus
668 1613 857 1700 propositis,
877 1627 960 1690 quae
973 1605 1239 1670 annotatIonibus
1256 1617 1290 1667 et
1305 1604 1534 1667 additamentis
1549 1601 1719 1678 iustruxit,
1744 1607 1880 1670 consilia
1896 1607 2037 1692 denique
2053 1630 2145 1672 com·
2210 1579 2211 1648 l

476 1736 621 1802 munitet
638 1727 729 1789 utilia
748 1735 779 1784 et
796 1721 841 1782 rei
859 1731 986 1780 nostrae
1004 1730 1037 1780 et
1059 1717 1130 1779 loco
1150 1733 1237 1800 apta.
1474 1721 1477 1728 ’

563 1825 618 1920 ι15)
641 1839 689 1898 De
710 1827 934 1898 calendariis,
960 1846 1041 1908 quae
1057 1827 1301 1910 Brodhagenius
1316 1848 1373 1912 per
1388 1827 1496 1908 plures
1513 1821 1789 1900 assuescentem,
1809 1839 1843 1890 et
1862 1825 1903 1889 ds
1918 1831 2147 1911 meteorologi-

476 1957 526 2020 eis
543 1929 844 2034 observationibus,
866 1956 943 2019 quas
959 1937 995 1998 in
1007 1935 1270 2019 ephemeridibus
1284 1939 1538 2024 Hamburgenes.
1555 1933 1749 2020 publicavit„
1771 1939 1835 2000 iam
1852 1939 1920 2000 dixi
1934 1941 1970 2001 iu
1983 1943 2144 2002 transtin-

477 2085 521 2128 ne
535 2063 575 2124 de
594 2059 662 2122 eius
679 2055 755 2114 vita.
796 2048 922 2110 Passim
937 2047 1037 2108 etism
1051 2047 1139 2109 alias
1150 2049 1219 2111 siris
1233 2050 1580 2113 commentatiunculae
1593 2049 1800 2134 reperiuntur
1813 2049 1848 2110 in
1862 2047 1979 2112 ii'sdem
1994 2051 2145 2133 epheme-

478 2175 619 2242 ridibus,
640 2183 723 2250 ¹quae
738 2159 977 2223 inscribuntur:
999 2157 1180 2244 Hamburg.
1196 2157 1723 2224 Addrelsoomtoir·Naohriohten.

559 2280 620 2362 ¹16)
641 2275 792 2356 Denique
807 2269 842 2330 in
858 2267 1021 2350 prioribus
1032 2266 1265 2342 ¹Voluminibtss
1279 2272 1591 2334 commentariorum
1606 2267 1646 2330 de
1659 2269 1822 2332 literatura
1839 2269 1964 2331 novitia
1981 2272 2142 2344 universa,

476 2397 534 2480 qui
551 2393 631 2454 olim
648 2388 743 2448 lenae
756 2377 1005 2461 evulgabantur,
1026 2399 1116 2442 stunc
1131 2379 1223 2444 Halia
1242 2381 1502 2472 Magdeburgicis
1523 2381 1704 2465 prodeunt,
1734 2381 1897 2444 ceruum
1913 2381 2143 2464 Brodlragenr'i

473 2507 515 2570 de
531 2501 624 2584 libris
641 2493 738 2560 trevis
754 2489 971 2574 reperiuntur.

557 2611 694 2680 Videtis,
712 2605 822 2674 Cives,
839 2602 1031 2682 scriptorem
1044 2601 1136 2664 hunc
1150 2603 1277 2670 dedisse
1288 2625 1358 2670 non
1372 2625 1492 2692 pauea3
1513 2607 1606 2688 plura
1622 2623 1748 2690 parasse
1761 2617 1857 2689 atque
1871 2603 2024 2670 daturum
2038 2603 2144 2670 fuisse

475 2743 602 2800 ,sertum
618 2733 676 2791 est,
692 2708 759 2779 nisi
774 2711 871 2776 telam
885 2709 1079 2793 abrumpere
1095 2717 1251 2800 coegisset
1267 2718 1305 2791 is,

822 2821 932 2904 Quem
947 2840 1046 2904 penes
1064 2823 1240 2892 arbitrium
1259 2843 1307 2892 est
1326 2833 1412 2892 vius
1426 2827 1605 2912 mortisque
1619 2837 1768 2909 potestas.

503 2915 507 2924 .
560 2958 682 3043 Scripsi
701 2937 884 3058 liamburgi
899 2969 1011 3015 mense
1026 2952 1103 3018 Dee.
1117 2970 1263 3063 patremo
1283 2961 1363 3024 anni
1382 2968 1471 3036 1805.
