4466 6000
236 590 255 638 a
685 547 992 612 ·“““”
1706 553 1755 626 ²9

96 705 285 803 peritam',
325 707 373 782 ad
406 703 525 808 'quam
556 705 711 806 ingenio
743 701 933 800 eleganti,
972 703 1064 801 ipsis
1104 707 1319 784 doctoribus
1359 707 1437 781 eius
1471 703 1748 790 excellentibus,

95 821 315 937 Hardtorffio
331 855 366 909 et
378 835 600 919 Tiscibcinio,
615 833 802 919 arbitris,a
818 847 948 902 natura
966 850 1021 906 est
1036 834 1228 910 instructa.
1256 845 1386 933 'Quare
1400 833 1608 931 optandum
1620 830 1751 924 utique

84 975 206 1051 esset,
230 983 272 1036 ut
287 967 346 1047 ria
362 966 438 1060 ipsi
457 983 492 1037 et
506 965 630 1037 aditus
646 963 692 1036 ad
709 959 919 1032 uberiorem
934 961 1038 1033 iilius
1056 965 1144 1036 artis
1159 965 1418 1064 cognitionem
1433 981 1470 1040 et
1489 987 1613 1049 usum,
1640 975 1751 1056 atque

88 1089 136 1160 ad
158 1115 268 1186 opera
293 1116 528 1164 summorum
551 1089 592 1162 in
609 1089 716 1162 omni
730 1110 862 1186 genere
877 1069 1062 1178 pictorum
1077 1094 1275 1187 spectanda
1289 1092 1545 1187 imitandaque
1558 1088 1764 1160 fautorum·

86 1218 311 1290 liberalitate
333 1218 532 1314 patefieret.
584 1222 656 1292 Sed
679 1216 877 1290 coercenda
901 1233 990 1286 sunt
1013 1235 1050 1288 et
1073 1221 1299 1292 moderanda
1318 1226 1443 1316 o'ptata
1463 1235 1500 1288 et
1520 1216 1634 1312 petita
1650 1215 1693 1284 in
1708 1236 1749 1283 ea

85 1345 249 1434 civitate,
280 1348 321 1416 in
345 1371 416 1441 qua
438 1323 652 1442 ceteroquin
676 1364 734 1416 tot
754 1343 863 1414 rebus
885 1343 1142 1418 laborantibus
1165 1367 1221 1420 est
1238 1349 1541 1434 succurrendum,
1566 1345 1748 1416 turmalis

84 1474 336 1561 medendum,
373 1491 432 1560 tot
453 1473 657 1545 hominum
677 1473 807 1566 inopia
835 1467 1063 1558 adiuvanda5
1099 1475 1202 1570 quod
1221 1475 1303 1548 fieri
1332 1477 1415 1546 sine
1434 1498 1568 1571 magna
1589 1489 1626 1542 et
1647 1472 1748 1567 larga

83 1605 296 1676 multorum
318 1603 541 1676 liberalitate
566 1627 647 1674 non
670 1617 803 1696 potest.
857 1607 976 1696 Quare
995 1617 1100 1673 tanto
1124 1603 1241 1700 magis
1263 1602 1506 1700 praedicanda
1521 1598 1576 1672 es't
1592 1597 1749 1695 Collegii

84 1731 261 1820 nostri,*)
288 1731 389 1826 quod
411 1756 431 1832 a
452 1731 613 1803 sommia
628 1727 865 1824 praefecturis
880 1715 1037 1923 π
1050 1753 1190 1800 nomen
1204 1732 1326 1819 habet,
1344 1729 1507 1828 insignis
1522 1726 1747 1826 benignitas,

82 1881 156 1951 qua
178 1857 342 1930 familiae
364 1856 454 1926 huic
478 1854 589 1924 orbae
616 1870 871 1924 sexcentarum
1007 1879 1091 1924 rum
1112 1857 1336 1926 donativum
1356 1879 1526 1924 annuum
1539 1882 1585 1946 esc
1606 1855 1748 1926 aerario

82 2004 152 2054 tuo
168 1983 211 2051 in
225 1979 519 2076 ,quadriennium
534 1977 822 2074 expendendum
837 2002 958 2072 nuper
976 1965 1154 2054 decrevit
1200 1987 1309 2054 Hanc
1329 1981 1600 2078 benignitatem
1616 1981 1747 2077 singu·
1850 2009 1862 2026 ·

80 2109 152 2182 lari
165 2109 386 2180 liberalitate
407 2131 473 2180 sua
488 2113 713 2204 superarunt
731 2106 843 2176 etiam
858 2105 932 2178 duo
949 2112 1145 2180 Senatores
1163 2109 1325 2214 civitatis
1341 2127 1491 2182 nostrae
1507 2108 1745 2204 amplissimi,
1759 2157 1762 2162 -

77 2233 245 2338 οῗοιιιιιιιι
261 2233 361 2314 Gaba
383 2253 420 2306 et
439 2233 545 2312 Clarus
565 2219 734 2308 Hearicus
749 2230 927 2330 Serntag,
954 2253 991 2306 et
1011 2252 1085 2308 tres
1107 2236 1208 2310 cives
1229 2209 1552 2325 aestumatissimi',
1578 2232 1745 2338 Journal

78 2361 279 2451 Sebelaci,
305 2364 427 2450 idem,
459 2387 573 2458 quem
592 2385 703 2456 supra
723 2346 977 2448 laudavimus,
1003 2358 1170 2463 ,Jconaes
1188 2363 1418 2439 Theodericus
1434 2363 1531 2450 Lais,
1557 2383 1595 2436 et
1617 2363 1747 2440 Daniel

76 2490 220 2586 Pappa,
247 2493 313 2588 qui
335 2489 425 2588 Regi
448 2489 710 2562 Berussiarum
732 2507 788 2560 est
810 2515 830 2558 a
853 2489 1102 2562 sanctioribus
1125 2490 1295 2562 consiliis
1318 2489 1544 2562 commercii.
1593 2495 1744 2564 Horum

79 2617 181 2690 enim
199 2617 356 2710 quisque
375 2631 528 2683 centum
543 2639 751 2682 marcarum
770 2615 1003 2706 stipendium
1023 2638 1195 2682 annuum
1215 2637 1280 2708 per
1302 2617 1428 2708 plures
1444 2638 1565 2686 annos
1582 2613 1747 2688 Brodha·

78 2743 209 2842 geniae
238 2766 258 2811 e
288 2763 327 2810 re
357 2762 422 2808 sua
447 2761 486 2808 se
516 2753 755 2833 erogaturum
782 2736 909 2808 dextra
937 2735 1084 2832 fideque
1115 2737 1197 2808 data
1220 2739 1408 2833 promisit.
1459 2743 1577 2812 Macti
1604 2742 1745 2814 virtute

76 2888 170 2958 este,
199 2873 393 2942 Senatores
409 2881 446 2934 et
463 2863 570 2937 &ves
591 2861 748 2960 egregii!
775 2869 873 2936 Nam
891 2864 1038 2960 indiget
1057 2864 1125 2934 hac
1145 2889 1216 2960 ope
1232 2866 1408 2962 inprimis
1429 2873 1607 2962 parvulus
1627 2871 1745 2962 filius,

74 2965 272 3075 Friderictit
290 2995 391 3068 Hans
408 2990 588 3072 Hadriam,
611 3015 721 3082 quem
738 3009 841 3082 pater
856 3007 1055 3100 octennem
1072 2993 1241 3087 reliquit,
1269 2995 1336 3088 qui
1353 3013 1502 3090 propter
1517 2997 1665 3094 ingenii
1679 3000 1745 3072 bo-

74 3127 234 3198 nitatem
250 3116 432 3214 singulari
452 3139 537 3184 cura
553 3113 690 3208 dignus
713 3129 778 3184 est.
830 3120 949 3208 Quare
971 3112 1156 3205 quidquid
1176 3114 1223 3180 ad
1244 3137 1330 3184 eum
1350 3119 1442 3186 bene
1462 3118 1742 3198 instituendum

72 3250 392 3340 formandumque
417 3239 585 3312 conferre
606 3239 831 3334 nosmetipsi
862 3238 1096 3354 poterimus,
1128 3239 1161 3308 si
1189 3257 1335 3310 nostrae
1360 3267 1467 3314 curae
1492 3243 1655 3343 fideique
1675 3253 1743 3324 ali·

75 3381 228 3480 quando
243 3373 360 3446 fuerit
378 3369 620 3454 commissus,
646 3355 907 3436 lubentissime
922 3383 957 3436 et
974 3384 1126 3460 propter
1141 3365 1302 3460 patrem,
1329 3395 1442 3466 quem
1456 3357 1658 3450 dileximus
1666 3431 1679 3468 ‚
1699 3398 1743 3452 ρ,

73 3527 227 3605 propter
244 3501 384 3582 filium,
411 3495 457 3566 de
472 3519 550 3590 quo
564 3493 657 3564 bene
672 3515 882 3586 speramus,
907 3489 1158 3566 conferemus
1173 3493 1246 3588 **)

135 3739 176 3818 tt)
199 3736 285 3796 Huic
300 3728 446 3810 Collegio
461 3745 656 3806 perannum
672 3723 778 3788 luctus
794 3699 944 3810 adscripti
958 3743 1049 3792 erant
1065 3733 1147 3792 cives
1164 3733 1317 3820 praeclari
1331 3731 1382 3796 iri:
1400 3737 1504 3799 Henr.
1518 3747 1616 3814 Keilii,
1630 3749 1740 3812 Amr.

198 3847 361 3908 Ernestus
381 3839 520 3899 Gustav.
538 3835 661 3904 ftindr,
685 3836 738 3898 Jo.
757 3835 1015 3913 F1·ider.Mo}m,
1034 3841 1088 3904 Jo.
1103 3843 1239 3906 Ernest.
1256 3844 1381 3908 Fridcr.
1394 3849 1629 3930 Wesrpdalen,
1654 3855 1737 3922 Car,

206 3951 291 4018 Gaii.
307 3947 472 4012 Pistoriae
492 3959 523 4005 et
538 3944 612 4007 Jac.
631 3944 734 4009 Heur.
748 3947 912 4031 Jeuequei.

114 4097 175 4179 θ’)
200 4091 277 4156 Νοιι
293 4090 366 4152 satis
383 4087 515 4168 quidem
533 4083 707 4166 praedicari
728 4100 831 4166 potest
847 4087 1047 4170 privatorum
1064 4089 1098 4152 in
1115 4104 1224 4154 nostra
1240 4093 1368 4158 civitate
1384 4095 1564 4176 liberalitas,
1586 4125 1647 4188 qua
1668 4109 1734 4192 ple·

197 4221 335 4284 rumque
352 4195 525 4258 viduarum
542 4191 760 4277 orborumque
777 4200 870 4261 rebus
886 4197 1028 4286 angustis
1044 4213 1110 4264 tam
1126 4201 1255 4288 largiter
1271 4205 1461 4284 consulunt;
1489 4215 1545 4274 sed
1561 4217 1673 4280 multis
1688 4233 1732 4283 ta·

197 4335 274 4376 meu
290 4312 328 4370 de
343 4327 477 4376 caussis
500 4325 576 4388 quas
591 4305 645 4366 hrc
661 4305 770 4370 afferre
785 4311 871 4372 nibil
885 4316 1012 4386 attinet
1034 4328 1204 4396 praestaret
1218 4314 1345 4396 publrca
1361 4317 1493 4384 illorum
1508 4343 1593 4391 cura.
1625 4329 1731 4394 Cuius

198 4436 304 4507 spent
318 4419 448 4481 tandem
465 4417 638 4499 aliquando
653 4437 767 4480 uxores
784 4435 815 4483 ot
831 4425 923 4486 liberi
939 4426 1052 4488 saltem
1067 4426 1298 4509 magistrorum
1313 4430 1442 4498 ⁸⁰11th
1455 4438 1687 4520 eltitiiaretttttn¹
1708 4459 1734 4510 ⁸

196 4553 324 4603 summe
334 4529 519 4598 σιιιιιιιάο
532 4527 797 4608 scholasticarum
812 4534 958 4604 Consilio
973 4537 1132 4624 sapienter
1149 4539 1317 4621 provisum
1332 4557 1395 4612 est,
