4466 6000
856 521 1010 544 ...-
1716 531 1765 608 25

87 679 292 773 ceperatis,
308 696 528 774 renovatum
562 695 686 754 tamen
704 691 914 751 exterorum
928 695 1074 764 caussa,
1091 675 1140 780 'si
1161 677 1228 778 qui
1249 677 1349 756 forte
1371 679 1459 752 huic
1478 675 1766 786 scriptiunculis

82 801 254 879 lectores
279 809 519 907 contigerint,
545 805 763 880 faciundum
787 820 853 893 est,
870 819 930 876 ‘ue
950 827 1143 901 perperam
1167 807 1213 880 de
1235 809 1397 906 collegae
1414 783 1539 882 nostri
1554 809 1763 934 ιιιίιιιιιιιᾷι

79 949 191 1003 sorte
221 937 399 1012 statuant.

119 1115 123 1120 -
192 1071 294 1136 Ante
309 1067 379 1139 hos
395 1083 468 1136 tres
484 1089 604 1138 annos
620 1083 657 1136 et
672 1011 833 1158 amplius
848 1055 1015 1164 ρῗιιιιιιιιιι
1036 1061 1266 1140 Theodericus
1281 1061 1599 1154 Setuctmaclrras,
1623 1081 1762 1138 mersas

78 1207 148 1262 tor
167 1211 323 1266 nostrae
339 1195 440 1266 urbis
455 1193 758 1280 honestissimus,
783 1191 844 1264 vir
858 1215 1026 1262 summae
1038 1191 1266 1290 integritatis
1282 1210 1319 1264 et
1333 1191 1433 1282 fidei,
1458 1193 1633 1289 idemque
1648 1195 1763 1268 Brod

20 1417 25 1425 1
78 1313 250 1418 hagenii
269 1321 577 1410 studiosissimus,
587 1323 689 1394 hunc
710 1319 883 1392 comitem
906 1317 1054 1391 itineris
1070 1320 1113 1390 in
1129 1320 1329 1418 Saroniam
1350 1321 1592 1416 superiorem,
1606 1321 1761 1419 eiusque

75 1449 355 1546 metropolim,
382 1449 583 1540 Dresdam,
612 1448 781 1548 faciundi
801 1445 1061 1532 liberalissime
1082 1465 1303 1522 assumserat
1311 1474 1323 1534 3
1364 1457 1473 1546 atque
1494 1449 1568 1520 hoc
1584 1449 1656 1520 iter
1676 1449 1758 1526 vim
1874 1489 1882 1500 ·

75 1601 197 1649 suam
226 1581 424 1650 salutarent
439 1595 476 1650 et
492 1579 537 1650 ad
553 1577 719 1674 corporis
735 1576 991 1649 valetudinem
1007 1593 1043 1648 et
1058 1579 1104 1649 ad
1121 1577 1238 1650 animi
1257 1577 1565 1650 exhilarationem
1580 1578 1622 1650 in
1639 1577 1759 1650 Brod-

15 1737 25 1748 ι
75 1703 251 1802 hagenio
270 1707 486 1776 habiturum
504 1729 583 1778 esse
598 1729 728 1776 onrnes
744 1703 823 1776 eius
839 1702 1004 1776 fautores
1020 1723 1058 1776 et
1070 1705 1181 1776 amici
1196 1705 1403 1802 sperabant.
1441 1713 1539 1778 Nam
1558 1723 1644 1778 ante
1656 1705 1757 1778 illud
1844 1765 1856 1775 .

74 1829 154 1896 iter
181 1854 317 1922 corpus
333 1832 411 1900 eius
425 1829 534 1898 malis
550 1828 773 1922 quibusdam
787 1828 1016 1914 tentabatur,
1042 1831 1358 1922 consequentibus
1370 1831 1450 1900 illis
1467 1854 1512 1899 ex
1527 1833 1661 1902 morbo
1676 1856 1756 1926 gra·

47 1997 48 2002 ,
74 1955 216 2043 viore,
256 1979 276 2027 e
298 1979 373 2052 quo
397 1954 489 2028 olim
511 1971 725 2050 praeceptor
748 1951 953 2025 academiae
973 1955 1154 2026 Biischiae
1177 1951 1410 2025 decubuerat.
1466 1953 1604 2054 ,Ηιιίιιι
1627 1956 1755 2026 morbi

73 2081 266 2179 reliquiae
281 2083 460 2180 quaedam
478 2081 708 2169 resederant,
734 2082 846 2154 ctiam
862 2107 978 2178 quum
994 2064 1072 2154 iam
1088 2081 1155 2152 diu
1172 2105 1218 2152 ex
1234 2081 1585 2171 illo'convaluisset,
1610 2055 1754 2158 uterus

74 2210 287 2284 sinistrum
303 2228 449 2284 tumore
465 2201 644 2306 perpetuo
661 2204 834 2280 affectum
851 2211 975 2308 itaque
990 2211 1226 2284 debilitatum
1243 2226 1354 2298 essct,
1375 2228 1420 2280 ut
1434 2209 1512 2283 nisi
1528 2210 1754 2306 periscelidi-

70 2337 150 2410 bus
169 2358 210 2411 et
225 2339 405 2436 strophiis
421 2337 737 2410 circumvolutum
753 2351 790 2404 et
803 2337 1048 2408 constrictum
1063 2333 1184 2408 officio
1201 2358 1270 2406 suo
1285 2332 1398 2433 fungi
1413 2337 1545 2412 nollet.
1597 2341 1657 2410 Ex
1670 2337 1751 2414 ictu

71 2486 267 2596 praeterea
291 2485 327 2541 et
349 2468 572 2542 contusione
592 2463 784 2538 levissima
808 2485 953 2559 quaque
974 2461 1197 2534 foramina
1186 2485 1229 2530 m
1255 2483 1299 2529 eo
1326 2460 1614 2549 oboriebantur,
1643 2487 1749 2558 quae,

73 2585 312 2708 quanquam
319 2618 410 2664 mox
433 2602 576 2676 sanata,
599 2587 706 2658 facile
727 2604 853 2678 tamen
874 2588 1180 2660 recrudescerent.
1235 2585 1363 2656 Vesica
1384 2586 1514 2673 etiam,
1540 2587 1670 2660 urium
1692 2615 1751 2662 re·

49 2724 337 2818 captaculum,
371 2722 412 2794 vi
435 2743 501 2794 sua
526 2714 724 2800 defecerat,
757 2729 803 2783 ut
822 2709 973 2782 urinam
994 2712 1096 2782 iusto
1120 2707 1273 2782 diutius
1289 2710 1488 2800 retineret,
1520 2736 1642 2810 neque
1664 2717 1749 2790 sine

71 2862 216 2949 magna
231 2831 486 2935 contentione,
511 2852 595 2928 cum
611 2843 741 2914 dolore
757 2856 890 2910 urente
905 2837 1117 2926 coniuncta,
1145 2837 1341 2924 emitteret,
1369 2861 1482 2934 quam
1497 2843 1748 2938 stranguriam
1788 2925 1793 2936 ¹

70 2979 223 3052 dicunt.
267 2975 391 3074 Quid?
418 2967 799 3076 quodreminiscendi
812 2967 884 3052 vis,
900 2992 972 3062 qua
985 2984 1095 3038 antea
1107 2962 1211 3036 facili
1230 2980 1267 3038 et
1281 2980 1429 3058 promta
1444 2966 1637 3064 gaudebat,
1651 2967 1750 3042 haul.

70 3124 161 3176 tunt
177 3099 573 3174 debilitatavidebatur
584 3113 622 3166 et
636 3091 803 3164 infracta.
829 3089 1048 3158 Potuissent
1061 3092 1233 3158 fortassis
1244 3093 1334 3156 haec
1352 3094 1477 3160 morbi
1492 3098 1674 3188 gravioris
1693 3120 1749 3168 re.

69 3232 217 3327 liquiae
234 3229 439 3338 paullatim
448 3221 657 3319 exstingui,
680 3219 757 3290 nisi
778 3215 914 3311 partim
928 3213 1117 3286 irremissa
1138 3210 1261 3282 nostri
1277 3213 1471 3284 contentio
1487 3231 1524 3286 et
1544 3216 1588 3286 in
1608 3219 1747 3292 labori·

70 3361 144 3430 bus
162 3356 324 3454 publicis
339 3352 570 3457 privatisque
584 3345 780 3420 assiduitas
796 3339 999 3430 indelessa,
1026 3339 1164 3436 partim
1180 3337 1300 3408 enims
1287 3336 1494 3433 quaedam
1508 3344 1745 3422 vehementia

68 3485 366 3582 proclivitasque
388 3479 435 3550 ad
455 3474 687 3548 iracundiam
702 3487 855 3542 naturae
865 3467 1059 3563 beneficae
1074 3466 1155 3542 vim
1177 3465 1375 3536 salutarem
1396 3467 1443 3538 ad
1460 3473 1626 3568 corporis
1644 3476 1743 3552 uires

68 3610 337 3709 recuperandas
358 3603 626 3702 impedivisset.
678 3605 806 3692 Itaque
822 3618 975 3668 omnem
996 3595 1135 3666 horum
1155 3592 1342 3664 malorum
1362 3595 1619 3676 tollendorum
1635 3625 1742 3699 spem

70 3743 280 3837 propinqui
268 3736 335 3806 et
350 3733 460 3807 anricr
448 3726 732 3804 Mathematici
747 3722 870 3795 nostri
885 3721 926 3791 in
941 3723 1037 3792 illo
1025 3723 1162 3792 ttinere
1178 3735 1439 3814 reposuerant;
1468 3747 1597 3794 verum
1613 3749 1654 3798 ea
1674 3735 1742 3800 ali
1827 3797 1832 3805 ,

71 3889 126 3940 ter
142 3863 281 3940 evenit.
331 3860 454 3934 Nam
444 3884 486 3930 ιιι
501 3859 583 3952 ipso
601 3853 765 3976 itinere,
772 3875 888 3947 quum
905 3853 964 3924 sol
978 3850 1179 3924 acerrimus
1189 3845 1395 3946 aliquando
1410 3871 1477 3942 per
1494 3831 1619 3924 totum
1637 3855 1739 3932 diem

71 4012 184 4091 caput
200 3993 280 4078 eius
298 3988 411 4060 radiis
432 3985 508 4058 suis
528 3963 762 4080 contigisset,
787 3979 933 4074 vesperi
947 3978 990 4048 in
1006 3974 1218 4050 deversorio
1232 3997 1321 4066 cum
1336 3973 1455 4046 amico
1478 3977 1632 4076 eiusque
1646 4007 1739 4058 uxo.

72 4149 129 4212 re,
134 4115 291 4195 lectiss'
279 4139 355 4188 una
372 4113 548 4200 femina,
558 4109 777 4204 colloquens
801 4105 928 4178 subito
950 4102 1068 4176 animi
1089 4097 1297 4172 defectione
1314 4114 1351 4170 et
1371 4101 1566 4196 apoplexia
1584 4105 1740 4207 linguae

74 4271 132 4328 est
148 4265 350 4345 correptus,
362 4261 406 4316 ut
420 4242 501 4338 ipse
515 4237 614 4314 mihi
627 4237 807 4324 narrabat,
823 4259 941 4354 quum
951 4233 996 4308 in
1011 4229 1135 4304 reditu
1150 4225 1549 4347 perMagdeburgum
1536 4256 1579 4304 m
1593 4236 1738 4314 Phron-

73 4381 222 4456 tisterio
242 4373 418 4474 Bergensi
438 4393 518 4456 me,
543 4365 731 4440 futurum
737 4365 936 4462 collegam,
963 4365 1071 4452 (nam
1092 4352 1197 4425 illo
1184 4376 1268 4448 rpso
1292 4345 1734 4464 temporeHamburgum

75 4535 172 4588 eram
188 4509 365 4596 vocatus)
386 4495 612 4574 conveniret.
663 4490 850 4592 Equidem
864 4509 948 4665 tulqt
964 4486 1068 4561 nulla
1084 4478 1245 4578 amplius
1262 4479 1387 4552 morbi
1407 4480 1549 4556 residui
1567 4505 1603 4561 et
1615 4492 1733 4571 lateus

834 4713 845 4733 ι
1257 4667 1280 4723 Ω
