4466 6000
451 545 475 620 ⁶
752 541 756 549 -
1196 549 1352 576 .....

454 711 660 789 necessario
682 731 760 785 sese
781 709 1092 808 subsequentium
1114 703 1289 804 religiose
1312 721 1449 800 servat,
1487 707 1540 785 its
1556 725 1604 786 trt
1624 735 1646 786 a
1666 705 1897 788 lentunen
1915 657 2040 809 plinis
2063 711 2114 786 ad

453 839 616 916 difficilis
631 855 667 910 et
681 837 806 929 ardua,
832 863 852 910 a
865 826 1052 913 concessis
1067 841 1114 912 ad
1128 835 1375 924 concedenda,
1402 861 1422 910 a
1436 857 1537 912 certo
1553 840 1715 940 cognitis
1731 843 1777 912 ad
1795 840 1918 913 abdita
1934 857 1972 912 et
1985 861 2115 912 recon-

297 1053 309 1068 ι
453 969 541 1055 dits,
567 988 661 1064 quae
684 963 775 1038 inde
798 967 1001 1041 necesmrio
1022 966 1320 1065 consequutione
1341 949 1557 1054 efficiantur,
1582 966 1851 1068 progrediatur.
1904 967 1988 1040 seio
2011 965 2117 1064 equi·

453 1097 549 1181 dem,
576 1093 646 1166 bac
660 1093 732 1180 via,
758 1081 973 1192 praesertim
986 1118 1124 1216 erquo
1140 1091 1359 1170 Christianus
1369 1091 1517 1195 Wolfiut
1529 1118 1612 1166 eam
1625 1091 1915 1180 commendavit,
1932 1089 2130 1189 quosdam'

453 1221 496 1295 in
512 1219 646 1294 alienis
661 1245 810 1318 quoque
822 1213 1014 1296 literarum
1027 1222 1169 1320 campis
1184 1245 1265 1294 esse
1280 1220 1481 1321 ingressos,
1495 1240 1540 1294 ut
1552 1223 1800 1320 theologicum
1810 1221 1902 1294 adeo
1911 1215 2116 1293 formulam
2229 1277 2230 1298 .

331 1405 358 1432 „
457 1367 494 1424 et
513 1347 654 1420 iurium
674 1349 930 1444 expositiones
951 1350 993 1422 in
1016 1349 1155 1424 caussis
1175 1349 1329 1449 agendis
1354 1349 1400 1422 ad
1425 1350 1505 1423 eius
1526 1375 1699 1424 normam
1714 1349 1926 1450 dirigerent.
1963 1355 2118 1424 'Verum
2229 1377 2230 1386 ¹

456 1477 764 1572 neutiqusmboc
780 1501 869 1578 ego,
898 1497 942 1550 ut
956 1480 1064 1552 illam
1077 1479 1266 1551 rationem
1280 1477 1323 1548 in
1340 1477 1425 1550 aliis
1439 1479 1629 1552 doctrinae
1642 1477 1842 1584 generibus
1857 1478 2117 1578 superstitiose

458 1580 685 1698 siquendam
696 1599 893 1693 affirmem,
918 1605 994 1678 sed·
1006 1607 1079 1680 boc
1099 1605 1196 1704 mibi
1218 1623 1343 1676 tamen
1358 1604 1564 1701 quemlibet
1577 1605 1754 1678 daturum
1769 1603 1931 1688 conlido,
1951 1604 2125 1678 Philoto-

427 1740 436 1758 ·
458 1751 549 1829 gum
564 1727 813 1825 inprimisque
821 1731 1019 1820 Criu'cunr,
1033 1733 1276 1833 geometricae
1298 1730 1501 1804 subtilitati
1522 1731 1732 1818 adsuetum,
1746 1731 1846 1804 nihil
1863 1749 2000 1804 temere
2016 1755 2121 1804 sum-

458 1873 599 1944 turum,
612 1856 677 1928 sed
691 1855 734 1928 in
751 1858 859 1933 omni
870 1859 1175 1991 disquisition?
1191 1859 1401 1959 principiis,
1415 1860 1522 1956 quasi
1537 1858 1806 1946 fundamentis,
1824 1857 1933 1932 certis
1948 1876 1984 1930 et
1999 1857 2119 1936 lirmis

453 1982 642 2058 brdlendo
656 1987 1224 2088 eamrnolemergumentornm
1241 2006 1485 2079 structurum,
1515 2013 1610 2086 quae
1623 2005 1709 2086 apte
1723 1989 1931 2078 cobserent,
1958 2011 2121 2088 eumque

461 2091 732 2184 sestertiorum
753 2127 791 2184 et
812 2132 938 2184 rerum
957 2115 1181 2219 ordinemet
1196 2139 1336 2188 nexum
1351 2115 1393 2188 in
1412 2115 1609 2190 scribendo
1624 2139 1775 2214 quoque
1787 2115 1990 2216 diligenter
2000 2141 2121 2192 serve·

459 2249 600 2309 turum.
628 2273 670 2293 -
704 2237 787 2310 Alia
808 2261 923 2336 eaque
943 2242 1070 2314 nescio
1090 2267 1138 2316 sn
1160 2243 1309 2342 gravior
1329 2267 1475 2331 caussa,
1516 2267 1632 2340 quare
1650 2244 1849 2341 Philologo
1870 2244 2119 2320 Geometrium

460 2363 797 2438 commendendam
810 2343 990 2454 censeam,
1017 2388 1073 2441 est
1091 2371 1190 2459 haec,
1215 2371 1318 2468 quod
1333 2370 1505 2444 animum
1517 2395 1538 2442 a
1552 2367 1725 2444 sensibus
1740 2369 1788 2442 ad
1803 2393 1855 2458 ea,
1882 2395 1976 2467 quae
1994 2389 2123 2445 mente

458 2481 664 2575 intuemur,
686 2489 974 2586 contemplanda
993 2510 1032 2566 et
1051 2493 1299 2596 intelligenda
1322 2499 1498 2586 traducit,
1522 2499 1625 2596 quod
1647 2499 1691 2570 in
1717 2497 1938 2572 notionibus
1956 2499 2122 2572 infinitis

461 2631 500 2688 et
522 2613 788 2688 communibus
811 2613 1002 2714 lingendis
1025 2639 1210 2712 versatur,
1236 2623 1520 2758 deniqtflquod
1541 2649 1625 2698 vers
1647 2625 1844 2714 duntaxat,
1878 2627 2127 2726 quse‘evinci

461 2759 634 2842 possunt,
661 2743 842 2838 sequitur,
870 2741 916 2815 ad
931 2767 1044 2841 esque
1056 2751 1292 2848 agnoscenda
1307 2775 1386 2822 non
1401 2751 1640 2848 persuasione
1652 2754 1776 2852 aliqua
1791 2755 1977 2851 probabili
1994 2755 2125 2843 allicit,

463 2870 530 2943 ssd
553 2867 884 2940 demonstrationis
906 2869 1069 2945 invictae
1089 2876 1129 2948 vi
1149 2891 1187 2946 et
1210 2877 1345 2950 robore
1364 2877 1476 2978 cogit.
1534 2883 1610 2952 Ista
1630 2871 1719 2954 verb
1739 2878 1895 2954 facultas
1919 2882 2127 2955 notionum

463 2993 723 3068 universarum
741 2993 803 3066 vel
814 2989 1097 3072 formandorum
1111 3003 1174 3076 vel
1187 2993 1487 3077 definiendnmm
1501 3023 1538 3079 et
1554 3007 1855 3103 explicandarum
1870 3035 1983 3107 quam
1998 3035 2125 3084 neces·

462 3125 559 3200 stris
581 3123 632 3196 sit
650 3119 694 3194 in
716 3120 930 3216 disciplinis
951 3124 1245 3224 philosophicis,
1271 3133 1517 3233 Psyohologie
1530 3134 1694 3208 maxime
1707 3153 1744 3208 et
1759 3139 1985 3229 Aestbetica,
2011 3163 2123 3212 nemo

462 3273 543 3326 non
558 3249 673 3325 videt.
724 3251 871 3320 Herum
886 3265 1012 3322 autern
1025 3253 1180 3328 scientis
1196 3259 1389 3354 quomodo
1402 3283 1522 3354 carere
1533 3261 1655 3358 possit
1669 3265 1940 3338 Grammaticus
1956 3265 2124 3364 pbiloso·
2228 3251 2229 3264 ἵ

462 3381 574 3476 phut,
598 3375 679 3449 sive
700 3371 744 3444 in
767 3371 892 3448 verbis
914 3374 1076 3474 singulis
1098 3382 1266 3482 origines
1287 3410 1419 3459 eorum
1440 3389 1718 3487 actionumque
1738 3391 1786 3466 iis
1801 3395 2052 3469 subiectarum
2070 3395 2123 3467 hi·

464 3504 620 3590 storiam
645 3516 806 3589 enarret,
842 3499 923 3575 sive
950 3527 1252 3600 synonymorum
1279 3512 1496 3586 discrimina
1525 3514 1697 3605 definiat,
1730 3515 1810 3615 sive
1837 3523 2120 3612 sententiarum,

340 3721 344 3728 ,
461 3642 599 3706 ‘ornatu
623 3626 840 3725 praesertim
865 3629 1013 3724 poetico
1039 3653 1104 3704 sut
1119 3635 1319 3726 ‚rhetorico
1353 3641 1577 3730 velatarum,
1609 3643 1688 3714 vim
1720 3660 1905 3718 scrutetur
1932 3664 1970 3718 et
1993 3645 2121 3720 eruat?

462 3759 545 3840 lam
565 3779 655 3830 vero
678 3772 862 3851 quantum
884 3755 931 3826 ad
952 3755 1139 3835 doctrinas
1159 3768 1435 3862 grammaticas,
1466 3769 1609 3842 criticas
1632 3788 1669 3842 et
1690 3769 1903 3864 historicas,
1929 3799 2022 3871 quae
2041 3797 2123 3844 non

463 3883 630 3960 veritatis
646 3879 824 3979 imperio,
850 3881 916 3954 sed
931 3882 1011 3956 veri
1026 3883 1289 3966 similitudinis
1303 3895 1561 3992 probabilitati
1579 3897 1764 3973 subiectae
1779 3919 1887 3987 sunt,
1912 3902 1954 3973 in
1972 3899 2124 3998 quibus·

466 4035 539 4112 que
553 4011 645 4086 adeo
659 4009 702 4081 in
717 4007 864 4082 duobus
879 4011 1059 4106 scopulis,
1085 4033 1128 4088 vt
1142 4021 1392 4095 Ruhnkenius
1409 4023 1478 4112 sit,
1504 4027 1713 4098 multorum
1729 4027 1932 4130 naufragiis
1946 4027 2125 4122 infames,

440 4139 443 4146 “
465 4137 670 4212 temeritate
687 4151 725 4206 et
740 4133 1007 4230 superstitione
1021 4133 1132 4214 facile
1146 4140 1328 4239 offendas,
1351 4168 1535 4250 quantum
1554 4153 1671 4254 igitur
1687 4157 1733 4228 td
1749 4155 1814 4230 bas
1828 4157 2017 4236 doctrinas
2032 4176 2125 4245 trac,

464 4263 595 4380 undas
621 4260 787 4358 proderit
813 4260 1012 4359 ingenium
1038 4269 1211 4345 attulisse
1237 4280 1458 4375 geometrica
1479 4277 1677 4378 disciplina
1705 4283 1918 4374 subactum,
1952 4287 2028 4360 hoc
2054 4303 2122 4376 est,

464 4387 683 4492 spernendis
704 4387 905 4472 bominum
929 4393 1235 4491 auctoritatibus,
1267 4404 1598 4506 examinandisque
1619 4432 1744 4482 rerum
1769 4413 1973 4486 momentis
2000 4411 2126 4508 adsue·

462 4515 694 4618 tum,·quod
720 4513 818 4588 nibil
839 4531 975 4592 temere
996 4541 1135 4616 sumat,
1170 4527 1270 4604 nibil
1289 4529 1367 4606 nisi
1385 4531 1580 4630 pensitatis
1598 4535 1788 4635 vtrintque
1806 4537 2015 4614 rationibus
2037 4561 2124 4641 pro·
