4466 6000
463 461 513 540 ³⁰
1186 511 1189 525 ι
1730 445 1734 454 ’
1963 506 1983 538 ι

563 608 647 696 Iam
659 605 877 706 perlustrata
892 596 970 676 vita
985 567 1158 698 collegae
1172 592 1374 684 carissimi,
1396 603 1531 688 restat,
1555 614 1599 672 ut
1619 615 1704 672 tum
1720 595 1767 670 de
1782 595 1862 672 eius
1877 595 2032 698 ingenio,
2060 621 2162 674 eeac-

469 741 608 828 ditione,
630 729 833 832 docendique
846 730 999 818 rotioae,
1018 747 1102 802 tum
1118 727 1164 800 de
1178 725 1310 816 ocimo,
1332 724 1485 804 moribus
1499 730 1655 826 vitorque
1673 751 1797 822 genere
1818 728 2158 825 pauradiesmus,

376 919 381 933 ι
470 893 513 945 ιιι
528 869 673 968 qualem
686 862 1009 952 Mathematicum,
1030 859 1177 956 qualem
1196 853 1401 944 doctorem,
1424 859 1573 956 qualem
1587 859 1785 932 hominem
1801 855 1931 932 civitas
1947 877 2075 932 nostra
2096 860 2160 930 in
2198 949 2199 960 ἵ

471 1027 513 1074 eo
534 995 721 1082 omiserit,
748 1008 929 1088 appareat

566 1133 716 1235 Ingenii
730 1129 936 1228 praestabat
949 1126 1132 1207 bonitate,
1159 1121 1323 1196 sollertia
1339 1137 1375 1192 et
1391 1124 1576 1224 celeritate
1589 1115 1886 1224 Brodhagenius.
1938 1129 1992 1198 lla
2008 1139 2148 1194 tamen

369 1241 374 1258 ⁸
467 1267 548 1355 vis,
575 1285 667 1363 quae
680 1283 766 1332 cum
781 1258 922 1330 sincera
935 1278 1059 1326 rerum
1078 1253 1245 1347 ipsarum
1260 1249 1525 1340 oblectatione,
1553 1275 1645 1326 usus
1663 1275 1790 1324 earum
1804 1275 1932 1326 secura
1949 1268 1987 1324 et
2005 1249 2151 1322 imme-
2198 1345 2199 1348 Ἴ

469 1407 569 1497 mbr,
596 1407 707 1486 atque
723 1387 814 1458 adeo
838 1409 923 1456 cum
946 1359 1195 1456 oblectatione
1209 1361 1369 1473 quadam
1386 1377 1446 1451 sui
1464 1379 1586 1476 ipsius
1602 1381 1644 1452 in
1661 1379 1798 1454 abditis
1817 1403 1944 1454 terum
1962 1377 2151 1451 theoreti-

470 1545 596 1596 carum
616 1513 824 1589 scrutandis
839 1526 1052 1583 constanter
1064 1521 1248 1592 versatur,
1275 1504 1403 1593 deesse
1416 1506 1493 1604 ipsi
1505 1507 1720 1582 videbatur:
1746 1509 1887 1608 quippo
1908 1509 1989 1584 sive
2003 1525 2148 1580 natura

326 1643 360 1742 J
467 1649 606 1736 factus,
632 1645 711 1720 sive
730 1665 803 1716 usu
826 1637 1083 1712 conformatus
1105 1633 1191 1727 adp
1271 1633 1280 1650 '
1325 1657 1361 1721 a,
1386 1635 1638 1732 quasdicunt,
1654 1654 1776 1734 partes
1799 1637 1973 1710 etiamiu
1991 1635 2148 1710 theoria

471 1779 603 1852 altiore
619 1793 763 1866 semper
782 1763 1108 1870 deprehendendas
1125 1777 1161 1832 et
1182 1762 1214 1832 si
1312 1761 1467 1836 llendas.
1520 1765 1758 1864 Imaginandi
1775 1751 2148 1840 facultas-erremus

470 1893 507 1977 et
522 1899 666 1984 vivida,
692 1917 799 1990 saepe
809 1910 950 1979 tamen,
967 1891 1079 1962 etiam
1097 1887 1189 1960 dum
1204 1887 1361 1978 valebat,
1385 1891 1501 1964 nimis
1517 1885 1692 1966 contenta
1714 1911 1750 1965 et
1765 1891 1964 1966 immodica
1979 1910 2017 1964 et
2029 1917 2147 1964 men·

469 2033 518 2104 tis
533 2027 682 2127 legibus
696 2047 776 2094 non
793 2019 883 2093 satis
904 2019 1176 2112 obtemperans.
1230 2016 1439 2090 Memoriae
1456 2035 1581 2092 autem
1593 2019 1635 2092 vi
1647 2019 1831 2118 gaudebat
1844 2043 1961 2116 paene
1973 2017 2144 2094 infinita.

469 2164 571 2232 Haec
591 2137 694 2226 enim
713 2173 794 2222 uon
817 2163 965 2218 tantum
984 2145 1202 2217 innumeras
1225 2169 1301 2234 res,
1329 2168 1421 2242 quas
1443 2145 1508 2216 alii
1529 2145 1743 2243 inscriptis
1765 2148 1930 2220 maxime
1948 2163 1985 2220 et
2000 2148 2144 2222 loculis

470 2281 678 2358 reconditas
693 2293 858 2362 servant,
885 2290 1029 2370 ceperat
1046 2291 1083 2344 et
1097 2248 1318 2360 retinuerat,
1344 2273 1411 2344 sed
1426 2270 1533 2346 facile
1548 2274 1658 2346 etiam
1677 2291 1714 2345 et
1727 2291 1876 2370 promte
1893 2275 2026 2372 quovis
2043 2293 2140 2346 tem·

468 2432 558 2508 pore
575 2423 612 2478 et
628 2407 713 2477 loco
731 2401 917 2474 reddebat.
970 2398 1028 2470 Ad
1045 2421 1135 2495 quas
1154 2397 1293 2470 mentis
1312 2397 1419 2470 dotes
1435 2421 1558 2496 quum·
1569 2399 1740 2472 studium
1754 2401 1979 2474 acerrimum
1994 2401 2142 2476 accede-

470 2554 543 2626 ret,
571 2557 646 2633 quo
666 2533 711 2602 ab
733 2531 807 2602 isto
827 2527 1072 2626 potissimum
1089 2544 1259 2622 tempore
1275 2527 1427 2614 exarsit,
1455 2551 1530 2622 quo
1550 2529 1592 2598 in
1606 2529 1761 2634 Biisclrii
1780 2527 2072 2612 familiaritatem
2098 2555 2140 2604 se

468 2662 739 2743 insinuaverat3
766 2653 983 2754 mirandum
997 2649 1166 2749 profecto
1182 2669 1348 2742 nonest,
1375 2675 1463 2724 eum
1486 2677 1566 2726 uon
1588 2671 1739 2728 tantum
1763 2680 1917 2730 omnem
1931 2659 2139 2750 Mathesin,

470 2792 536 2864 sed
548 2789 732 2880 Physicen
749 2807 916 2881 quoque,
944 2781 1138 2858 Chemiam
1154 2797 1191 2853 et
1205 2779 1500 2878 Technclogiam
1519 2777 1645 2854 studio
1666 2803 1736 2856 suo
1757 2785 2080 2896 comprehendisse
2097 2805 2142 2858 et

468 2933 612 2988 tantam
630 2931 779 3008 tamque
794 2911 958 3006 amplam
980 2909 1022 2979 in
1042 2908 1091 2981 iis
1112 2909 1253 2980 artibus
1265 2907 1350 3010 ,sibi
1370 2931 1600 3002 comparasse
1620 2911 1891 3004 eruditionem,
1916 2931 1959 2986 ut
1978 2939 2139 2990 omnem

469 3067 592 3118 aarum
615 3059 788 3136 campum
809 3035 1074 3130 perlustrasse,
1108 3033 1272 3132 indeque
1294 3033 1461 3130 optimos
1486 3057 1654 3134 quosque
1677 3055 1714 3110 et
1739 3040 1891 3136 publice
1912 3042 2138 3116 utilissimos

469 3171 576 3245 liores
594 3163 816 3262 decerpsisse
829 3161 1030 3234 videretur.
1090 3167 1211 3259 Quare
1235 3179 1271 3234 et
1290 3163 1419 3236 omnia
1438 3164 1587 3238 noviter
1605 3167 1646 3236 in
1664 3168 1724 3240 his
1740 3169 1859 3244 literis
1877 3172 2002 3247 ubivis
2022 3190 2140 3246 terra.

361 3379 365 3390 ,
469 3323 555 3372 ιιιιιι
574 3298 730 3371 inventa
749 3289 1000 3388 investigabat
1021 3307 1059 3361 et
1080 3289 1324 3365 examinabat.
1377 3289 1479 3366 Haec
1498 3275 1661 3368 eruditio
1681 3295 1725 3366 in
1740 3298 2004 3399 Brodhagenio
2026 3320 2135 3376 tanto

469 3427 589 3507 maior
603 3421 779 3497 exsistere
793 3434 957 3515 poterat,
984 3441 1060 3514 quo
1079 3420 1215 3490 arctius
1232 3443 1272 3492 se
1289 3417 1428 3494 finibus
1447 3418 1599 3495 illarum
1620 3423 1813 3498 literarum
1834 3411 2060 3522 contineret,
2088 3433 2136 3504 ab

467 3555 625 3634 ineunte
646 3549 791 3644 scilicet·
806 3561 940 3632 aetate,
973 3563 1017 3615 ut
1039 3569 1149 3642 supra
1172 3545 1358 3638 diximus,
1390 3573 1470 3619 non
1493 3549 1692 3634 institutus
1713 3552 1760 3624 iis
1782 3555 1939 3646 artibus,
1969 3583 2064 3654 quae
2086 3561 2139 3630 ab

389 3748 392 3760 ,
467 3682 569 3768 aliis,
596 3676 662 3774 qui
679 3673 784 3771 pueri
800 3689 838 3744 et
854 3671 1010 3745 invenes
1032 3699 1091 3746 eas
1109 3692 1332 3765 tractarunt,
1358 3675 1527 3772 quamvis
1544 3675 1647 3748 virili
1667 3695 1784 3750 aetate
1800 3679 1846 3752 ad
1862 3682 1933 3754 alia
1949 3683 2139 3758 doctrina·

468 3831 554 3880 rum
566 3823 701 3903 'genera
720 3798 954 3887 transierint,
982 3798 1074 3870 adeo
1089 3825 1169 3872 non
1186 3803 1450 3901 negliguntur,
1477 3817 1537 3888 ut,
1556 3797 1793 3875 amoenitatis
1809 3807 1938 3900 potius
1954 3835 2081 3884 earum
2098 3833 2137 3886 et

467 3931 814 4008 blandimentorum
841 3949 1043 4015 memores,
1059 3929 1266 4002 interdum
1293 3930 1456 4026 pristino
1482 3947 1608 4001 amore
1633 3929 1856 4004 incalescant
1878 3951 1917 4005 et
1942 3937 1989 4006 ad
2013 3937 2137 4035 digre-

468 4045 649 4132 diendum
671 4051 1029 4150 exspatiendumque
1048 4055 1090 4126 in
1106 4057 1264 4132 illorum
1286 4055 1394 4155 quasi
1415 4058 1509 4128 laeta
1528 4055 1645 4129 vireta
1661 4076 1957 4154 permoveantur.
2012 4069 2137 4161 Quare

468 4209 590 4282 neque
613 4181 731 4258 oratio
756 4181 837 4254 eius
859 4197 897 4252 et
918 4179 1125 4274 doctrina„
1139 4209 1262 4283 neque
1280 4206 1408 4256 mores·
1426 4205 1470 4254 eo
1491 4183 1700 4258 venustatis
1722 4201 1759 4256 et
1780 4183 1984 4283 elegantiae
2007 4193 2133 4264 colore

467 4313 607 4394 imbuti
639 4326 770 4400 eraut,
811 4333 933 4406 ¹quem
966 4311 1127 4392 studiosi
1151 4313 1337 4393 bonarum
1365 4312 1557 4390 litermum
1587 4336 1633 4386 ex
1665 4314 1725 4390 his
1751 4311 1827 4388 fere
1858 4315 2005 4392 trahere
2029 4343 2134 4416 repe-

468 4447 629 4520 riantur.
717 4536 721 4545 A
2165 4415 2186 4460 ¹
