4466 6000
457 549 504 624 14
1227 541 1380 562 ““““””’”

458 715 495 770 et
518 698 662 794 ratione
684 713 780 768 recta
805 709 1072 790 comparatam,
1088 703 1174 764 'neo
1198 669 1692 791 fundamentisdlsciplin'ae
1713 691 1859 765 idoneis
1876 687 2073 764 suffultam
2093 705 2136 758 et

462 818 2138 918 caussissuispartibusqueaptenexant,bicigiturcognitionenrilliuspassimvagantem
2198 868 2201 918 a,

463 969 501 1026 et
527 950 664 1022 multas
682 933 739 1018 res
757 945 839 1018 sine
852 945 997 1017 ratione
1011 963 1048 1018 et
1063 945 1195 1018 ordine
1209 941 1516 1038 complectentem
1531 971 1660 1045 cogere
1675 947 1781 1044 quasi
1798 961 1834 1016 et
1847 945 2020 1042 colligere
2036 967 2136 1022 eum

464 1077 575 1152 iussit
589 1074 773 1148 formulae
785 1073 1014 1170 rationisque
1027 1073 1198 1170 imperio.
1227 1071 1847 1168 QuareipsioomntendevitChrist.
1862 1069 2136 1168 Wolfii,philo·

456 1202 1062 1302 ‘sophiolintHalensis,elomenta
1073 1197 1267 1283 Mathesis,
1281 1198 1411 1296 lingua
1428 1204 1624 1272 vernacula
1640 1202 1784 1296 scripta.
1812 1201 1885 1297 Qui
1898 1199 2002 1286 liber,
2011 1221 2133 1294 quan·

463 1332 605 1421 tumuis
621 1330 663 1399 in
683 1329 811 1400 multis
828 1328 1008 1415 vitiosus,
1035 1346 1079 1397 ut
1094 1333 1275 1424 Segnerus
1292 1327 1435 1422 primus
1452 1329 1601 1423 publice
1618 1331 1757 1418 docuit,
1783 1329 1923 1400 mirum
1938 1345 2132 1424 quantum

462 1460 505 1530 in
521 1455 714 1554 Germania
733 1455 780 1526 ad
803 1453 925 1526 studia
942 1453 1123 1526 Mathesis
1146 1451 1337 1524 excitanda
1358 1469 1395 1522 et
1413 1454 1569 1526 colenda
1590 1455 1761 1530 contulit.
1813 1455 1886 1526 Hic
1906 1455 2009 1524 enim
2024 1453 2133 1526 idem

462 1585 535 1672 est,
563 1583 647 1679 qui,
673 1583 746 1652 boc
762 1605 838 1652 uno
861 1575 1156 1675 exemplo'liceat
1178 1575 1351 1675 defungi,
1385 1578 1567 1656 Wir'nsciii
1585 1599 1753 1677 quoque,
1779 1578 2007 1654 Professoris
2023 1605 2134 1652 nuno

463 1709 787 1786 Franoofurtensis
804 1707 1014 1804 ingenium,
1042 1705 1132 1778 duna
1148 1727 1283 1776 nranus
1301 1708 1342 1777 in
1360 1724 1503 1780 texture
1519 1709 1775 1804 occupabatur,
1803 1709 1985 1781 Mathesis
2001 1709 2131 1780 studio

464 1839 679 1920 incensum,
707 1835 875 1928 primunr
897 1833 1008 1918 aluit,
1033 1833 1187 1928 eiusque
1210 1832 1399 1904 doetrinae
1423 1833 1528 1906 sitim
1550 1835 1724 1929 explevit.
1777 1840 1918 1908 Praetor
1934 1835 2064 1908 Wolfii
2077 1837 2134 1907 li-

465 1966 578 2038 brum
596 1959 840 2038 formularem
860 1960 995 2040 doctori
1008 1985 1132 2034 novus
1156 1961 1272 2033 alium
1286 1958 1506 2058 discipliuae
1521 1969 1607 2032 'strae
1621 1963 1777 2034 alumno
1793 1961 1980 2060 praebuit,
2000 1962 2135 2032 nauti.

468 2115 548 2164 eam
570 2105 704 2174 artem,
739 2111 850 2183 quam
872 2087 946 2158 late
967 2106 1086 2183 patet,
1111 2089 1437 2184 complectentem,
1469 2086 1600 2184 lingua
1615 2093 1748 2162 Batava
1766 2090 1966 2184 scriptum,
1990 2090 2035 2180 in
2055 2114 2131 2186 quo

469 2241 531 2290 eae
547 2216 766 2312 disciplinae
784 2195 1081 2306 mathematicae,
1109 2241 1202 2314 quae
1224 2233 1315 2288 sunt
1328 2213 1499 2285 nauticae
1518 2191 1781 2314 subsidiariae,
1804 2217 2042 2288 simularant
2061 2233 2133 2288 tra·

470 2361 596 2418 etatae.
609 2343 642 2433 *)
695 2343 765 2414 Sed
781 2367 871 2414 mox
885 2341 996 2416 eheu!
1023 2343 1084 2414 bic
1098 2340 1350 2440 Brodbagenii
1369 2341 1489 2412 nostri
1501 2359 1714 2436 praeceptor
1728 2343 1874 2436 inopia,
1900 2344 2133 2442 aegritudine

469 2469 606 2555 animi,
632 2468 845 2561 mentisque
867 2465 1067 2562 iniquitate
1087 2485 1126 2540 et
1148 2468 1281 2542 delirio
1304 2489 1348 2538 eo
1372 2467 1649 2562 prolabebatur,
1674 2485 1719 2538 ut
1739 2469 1871 2541 nisibi
1893 2471 1968 2564 ipsi
1989 2469 2088 2540 illata
2110 2495 2132 2540 e

470 2597 548 2672 vita
565 2596 719 2668 cederet.
771 2600 900 2687 Itaque
916 2610 1043 2665 noster
1057 2595 1237 2689 magistro
1253 2601 1321 2664 s'uu
1341 2593 1494 2662 orbatus
1511 2609 1547 2662 et
1562 2592 1637 2664 eibi
1653 2595 1791 2666 iterum
1806 2596 1880 2667 soli
1895 2595 2061 2684 relictus,
2085 2599 2136 2668 li·

470 2725 627 2800 brorum
646 2722 813 2806 illorum,
843 2718 909 2814 qui
924 2717 999 2813 ipsi
1013 2742 1079 2814 per
1094 2719 1206 2790 illum
1220 2719 1481 2806 innotuerant,
1507 2721 1589 2791 solo
1607 2720 1753 2791 auxilio.
1767 2722 1965 2810 nitebatur,
1991 2749 2138 2796 eorum·

408 2853 411 2858 ’
473 2873 547 2945 que
565 2849 785 2920 auctoritate
802 2845 881 2916 sola
900 2845 1030 2916 stabat.
1084 2850 1205 2918 Cursu
1222 2861 1347 2916 tamen
1364 2846 1479 2916 semel
1495 2843 1650 2917 incitato
1666 2847 1819 2942 reprimi
1834 2849 2046 2924 adolescens
2064 2851 2138 2923 dis·

474 2973 584 3050 cendi
600 2971 759 3068 cupidus
778 2994 858 3044 non
874 2971 1019 3064 potuit;
1046 2971 1139 3044 duce
1156 2970 1239 3042 ,fido
1256 2973 1424 3064 privatus
1444 2993 1522 3038 non
1541 2970 1729 3060 substitit,
1757 2971 1821 3043 sed
1832 2961 2036 3048 ¹comitibus
2057 2978 2139 3049 illie

472 3102 622 3176 duobus
653 3097 762 3172 libris
791 3095 958 3167 alacriter
988 3096 1144 3168 ulterius
1171 3095 1352 3190 perrexit,
1385 3112 1495 3189 atque
1516 3117 1560 3164 eo
1580 3111 1634 3166 est
1654 3121 1892 3194 progressus,
1921 3120 1965 3174 ut
1986 3128 2017 3174 a.
2042 3125 2136 3194 1777

471 3228 694 3314 Biischium,
710 3221 965 3301 Professorem
980 3222 1163 3294 Mathesis
1184 3197 1444 3294 doctissimum
1462 3234 1498 3288 et
1513 3242 1593 3290 non
1609 3217 1654 3292 de
1668 3225 1871 3313 Gynrnasio
1887 3243 2035 3300 tantum
2050 3230 2140 3302 civi·

474 3372 625 3448 tateque
639 3349 776 3444 patria,
802 3347 867 3419 sed
885 3345 1044 3436 omnino
1063 3346 1174 3422 etiam
1193 3345 1238 3416 de
1258 3346 1393 3431 literis,
1419 3343 1667 3440 inprimisque
1691 3347 1736 3418 de
1758 3350 1826 3438 iis,
1852 3377 1945 3448 quae
1962 3355 2009 3426 ad
2029 3380 2138 3456 nego-

477 3481 677 3554 tiationem
693 3474 895 3572 pertinent,
918 3473 963 3542 ad
979 3473 1164 3546 rationem
1179 3471 1396 3548 revocandis
1413 3487 1449 3540 et
1465 3471 1507 3540 in
1521 3472 1609 3542 artis
1627 3469 1829 3548 formulam
1846 3481 2057 3578 redigendis
2071 3483 2144 3552 im·

476 3605 686 3682 mortaliter
706 3601 883 3674 meritum
904 3601 996 3672 etin
1016 3599 1081 3670 illa
1103 3601 1271 3673 doctrina
1286 3600 1328 3670 in
1345 3599 1537 3669 Germania
1555 3599 1780 3694 principem,
1807 3623 1850 3675 ut
1869 3607 1971 3680 bunc
1985 3611 2142 3706 inquam

476 3735 603 3808 virum
628 3729 814 3804 fautorem
837 3721 1133 3813 nancisceretur,
1166 3727 1330 3798 exhibita
1354 3725 1428 3820 ipsi
1450 3725 1731 3818 computatione
1754 3745 1789 3798 et
1810 3731 2059 3808 delineatione
2081 3737 2144 3824 de·

472 3859 594 3936 fectus
616 3859 749 3938 lunae,
781 3869 958 3946 tanquam
978 3853 1181 3946 specimine
1200 3853 1375 3928 scientiae
1396 3849 1664 3924 astronomicae
1680 3855 1755 3926 sibi
1774 3879 2012 3985 comparatae.
2058 3871 2144 3936 Hoc

476 3975 882 4082 perlustratodiisclrier
902 3975 1076 4052 admirari
1091 3985 1111 4057 J
1116 3982 1248 4052 ervenis
1264 3979 1462 4076 ingenium
1477 3994 1514 4048 et
1531 3977 1724 4051 scientiam
1741 4005 1893 4078 operose
1910 3988 2142 4082 acqtrisitam.

474 4119 576 4186 Haec
593 4125 697 4182 tauto
717 4105 836 4218 magis
853 4121 930 4174 erat
947 4102 989 4176 in
1007 4127 1050 4177 eo
1066 4105 1304 4206 admiranda,
1323 4103 1384 4178 oui
1399 4104 1498 4178 vitae
1514 4107 1735 4196 necessarie,
1761 4112 1885 4204 pueris
1900 4112 1940 4182 in
1956 4131 2034 4188 arte
2052 4115 2146 4188 scri·

474 4283 809 4306 b--nud

538 4393 577 4475 1ι)
599 4390 776 4470 inscriptus
793 4399 841 4446 eet
857 4386 911 4448 bie
930 4385 1029 4453 libers
1058 4385 1308 4452 Wrnreerderde
1324 4390 1444 4460 Sabaei
1460 4389 1517 4454 der
1533 4391 1751 4476 Strurlnyden
1769 4395 1850 4476 door
1869 4395 2071 4474 nostraene,
2091 4411 2146 4464 roe

608 4499 737 4564 Hoetu.
773 4509 865 4572 1712.

2190 166 2192 232 l

2192 244 2193 296 t

2197 711 2200 856 l
