4466 6000
867 543 1044 621 ·“····.
1325 587 1337 609 ·
1666 529 1670 536 “
1715 549 1771 630 11

104 717 245 793 numae
257 698 346 778 Viro
361 706 608 804 amplissimo,
624 710 768 798 Joanne
784 695 1019 773 Theoderico
1035 693 1211 788 cordesio,
1230 696 1401 776 Civitatis
1416 711 1565 774 nostrae
1579 699 1767 794 senatore,

103 845 140 901 et
156 835 330 904 duratore
346 835 562 908 scholarum
577 833 775 932 primario,
807 829 935 929 ipsum
951 849 971 900 1
987 826 1216 902 lectionibus
1230 827 1359 906 iacere
1373 828 1768 922 iubebam,vicarium-
1795 893 1808 919 ,

102 979 173 1048 que
200 953 276 1050 ipsi
300 961 604 1036 substituendum
629 961 825 1056 curabam,
857 958 984 1032 virum
1009 957 1171 1033 eundem
1193 961 1443 1056 praeclarum,
1481 958 1615 1058 quiin
1637 962 1766 1038 locum

34 1111 42 1120 ·
100 1082 353 1180 Brodhagenii
368 1108 449 1161 cum
463 1114 601 1188 magno
618 1093 671 1164 rei
686 1088 924 1164 scholasticae
939 1105 1087 1160 nostrae
1103 1090 1360 1162 emolumento
1374 1089 1451 1160 iam
1466 1087 1653 1161 successit
1681 1094 1765 1167 Jam

99 1233 190 1284 vero
212 1209 436 1310 aegrotantis
460 1220 613 1290 tutelam
638 1219 749 1292 amici
770 1215 1131 1330 eiuqliberalissime
1152 1217 1428 1313 suscipiebant3
1467 1241 1487 1287 e
1510 1215 1765 1313 quibusduos

99 1336 205 1410 urbis
219 1353 368 1410 1108111111
380 1337 477 1410 cives
489 1336 683 1434 primarios
698 1364 735 1420 et
750 1345 795 1420 de
812 1343 1002 1443 republica
1014 1359 1142 1416 nostra
1156 1345 1421 1418 meritissimos
1436 1343 1632 1416 nominare
1644 1342 1764 1432 liceat,
1883 1359 1889 1374 ·

99 1464 201 1546 011111
215 1463 372 1555 31111111.
398 1466 803 1567 Quindecimvirmum,
830 1475 910 1552 sive
925 1473 1186 1592 Tribunorum
1202 1473 1322 1570 plebis
1342 1473 1502 1574 collegio
1521 1471 1763 1568 adscriptum,

99 1591 616 1698 11301111181111111111111111,
646 1591 883 1692 ὓθὲθῑὶθῑιηι
905 1621 942 1678 et
963 1627 1088 1676 rerum
1105 1603 1375 1676 Lusitanorum
1399 1607 1679 1676 Procuratorem
1694 1607 1764 1674 lte·
1885 1627 1889 1637 ·

96 1724 217 1820 gium,
243 1747 350 1798 senes
365 1722 608 1798 venerandos.
659 1719 1378 1828 1111υωῦ11111ὶοΒωᾱὴῃςθῃὶωρρῑ
1394 1729 1763 1829 tempmvaffltioni.
1881 1817 1884 1822 Δ

96 1871 116 1916 a
132 1873 289 1918 munere
303 1849 431 1917 lter'ln
446 1843 639 1944 regionem
652 1844 1012 1940 MegalOpOlltdndm
1026 1857 1197 1949 Suscepit,
1224 1840 1420 1950 praecipue
1441 1877 1486 1926 ut
1504 1861 1599 1928 baiis
1615 1859 1764 1930 Dobbo.

96 1972 319 2046 renensibus
335 1989 511 2044 uteretur.
562 1976 613 2044 Et
626 1969 759 2042 habuit
775 1969 911 2040 harum
929 1993 1021 2045 usus
1041 1973 1138 2044 hanc
1159 1981 1256 2070 vim,
1281 1999 1326 2054 ut
1339 1983 1506 2078 corporis
1521 1983 1619 2056 vires
1642 2006 1765 2056 eorm.

95 2101 331 2174 borarentur:
359 2099 406 2171 ad
423 2116 590 2172 mentem
604 2123 694 2174 vero
713 2099 802 2176 haec
819 2097 1047 2174 valetudinis
1066 2111 1293 2198 recuperatio
1310 2110 1410 2184 nihil
1431 2135 1661 2210 magnopere
1675 2107 1766 2187 leffe.

95 2226 166 2330 cit5
193 2227 333 2325 quippe
351 2252 444 2327 quae
460 2225 624 2298 nimium
638 2225 827 2300 videretur
845 2227 1057 2322 perturbata
1079 2245 1117 2302 et
1138 2253 1334 2318 concussa,
1362 2239 1567 2339 vigoreque
1584 2241 1675 2314 adeo
1693 2265 1765 2320 suo

95 2373 133 2428 et
149 2357 258 2452 quasi
269 2354 415 2428 lumine
431 2354 590 2426 omnino
608 2375 718 2426 cassa.
756 2359 885 2449 Itaque
902 2377 949 2426 er
966 2354 1103 2428 itinere
1121 2356 1239 2430 redux
1253 2355 1418 2428 santiliac
1436 2381 1525 2428 suae
1538 2368 1695 2454 perinde
1710 2385 1766 2440 st.

92 2507 168 2580 que
184 2500 292 2556 antea
306 2498 383 2556 erat
396 2481 596 2569 molestus,
621 2479 701 2552 imo
719 2477 916 2554 interdum
936 2481 1030 2554 adeo
1045 2481 1278 2577 periculosus
1294 2499 1500 2577 eapropter
1519 2494 1660 2556 mentis
1674 2493 1767 2570 deli.

94 2608 197 2681 rium
213 2610 336 2680 multo
354 2608 500 2699 saepius
517 2606 684 2696 rediens,
710 2621 748 2676 ct
763 2623 917 2698 propter
930 2609 1163 2680 iracundiam
1174 2612 1299 2680 multo
1316 2609 1575 2682 vehementius
1595 2613 1765 2692 derebus

95 2759 207 2832 saepe
227 2731 387 2806 minutis
408 2728 715 2805 exardescentem.
779 2734 866 2802 Huc
886 2733 1057 2822 accessit,
1088 2732 1190 2832 quod
1215 2733 1410 2830 opinionis
1436 2735 1574 2834 aliquis
1598 2763 1700 2814 error
1725 2765 1765 2816 se
1876 2738 1879 2746 ’

90 2863 217 2942 menti
240 2863 321 2936 eius
341 2861 395 2934 ita
414 2857 575 2958 infigere
590 2857 788 2954 inciperet,
815 2875 859 2930 ut
873 2859 1002 2934 omnia
1024 2862 1204 2960 cogitata,
1231 2862 1345 2936 etiam
1365 2862 1411 2935 ab
1433 2859 1500 2936 illa
1520 2866 1764 2959 alienissima,

84 2955 142 3083 bd
164 3015 248 3064 earn
269 2985 430 3062 referret.
493 2992 639 3080 Nempe
663 2982 760 3056 falso
787 2985 862 3057 sibi
885 3009 1116 3082 persuaserat
1138 2990 1185 3062 de
1204 2989 1392 3062 seditione
1419 2990 1590 3110 violenta
1611 3020 1633 3068 a
1655 2997 1766 3093 plebe

92 3116 377 3216 Hamburgensi
394 3113 612 3198 metuenda,
638 3135 733 3206 quae
753 3109 962 3182 seminibus
984 3114 1063 3182 suis
1086 3115 1246 3182 latenter
1265 3117 1427 3208 gliscens
1447 3137 1540 3186 mox
1560 3135 1659 3190 esset
1679 3143 1765 3214 pro·

92 3231 262 3345 ruptura.
314 3249 415 3341 Quae
429 3265 547 3339 quum
561 3240 612 3310 ita
628 3256 767 3328 essent,
793 3240 890 3312 hanc
912 3237 988 3312 viri
1003 3233 1141 3334 optimi
1158 3233 1396 3354 familiaeque
1413 3240 1494 3314 eius
1511 3244 1782 3354 miserandam

94 3393 240 3450 sortem
254 3373 423 3446 dolentes
438 3370 555 3442 iidem
572 3369 632 3440 1111
646 3368 769 3457 sinici,
793 3358 903 3464 supra
920 3366 1073 3457 laudati,
1097 3382 1141 3438 ut
1155 3365 1256 3438 nihil
1270 3365 1426 3440 remedii
1439 3371 1487 3444 ad
1500 3373 1646 3446 malum
1657 3375 1762 3452 istud

94 3503 310 3576 tollendum
327 3500 568 3594 inexpertum
582 3496 846 3594 relinquerent,
866 3495 1172 3624 Brodhaqenium
1186 3519 1295 3568 curse
1309 3493 1470 3594 fideique
1485 3499 1761 3596 Tincausari,

92 3631 231 3706 medici
243 3625 493 3714 ltzehoensis,
518 3623 586 3720 qui
604 3621 701 3694 fame
722 3624 972 3696 celebrabatur
988 3625 1030 3696 in
1044 3623 1221 3698 sanandis
1237 3621 1425 3700 eiusmodi
1440 3629 1559 3728 aegris
1578 3649 1617 3705 et
1631 3652 1759 3708 mente
1848 3637 1850 3640 ’
1896 3613 1899 3618 ’

93 3758 213 3856 captis
228 3779 305 3828 esse
320 3751 587 3849 peritissimus,
612 3750 837 3823 tradendum
853 3751 1112 3869 decreverunt,
1136 3767 1283 3824 sumtus
1303 3774 1384 3822 eam
1398 3753 1440 3822 in
1462 3777 1542 3828 rem
1560 3757 1757 3836 faciendos

94 3909 171 3960 111
191 3896 308 3956 suaet
323 3878 527 3950 amicorum
541 3879 674 3950 saltem
689 3901 754 3982 per
769 3876 861 3948 anni
875 3880 1040 3974 spatium
1058 3876 1342 3974 suppeditaturi.
1382 3878 1557 3952 Traditus
1570 3881 1688 3980 igitur
1701 3899 1759 3956 est

94 4013 205 4100 huic,
235 4029 366 4083 mense
386 4003 595 4116 Novembri
618 4004 710 4076 anni
734 4023 848 4094 1603,
881 4031 948 4104 spe
968 4005 1286 4082 convalescentiae
1307 4004 1481 4078 nondum
1501 4007 1650 4082 abiecta.
1709 4014 1759 4082 Et

97 4139 211 4214 initio
231 4135 386 4236 quidem
399 4135 565 4208 'secessus
585 4132 710 4224 illius,
736 4135 810 4208 hoc
829 4153 904 4225 est,
929 4135 1062 4235 primia
1081 4157 1148 4208 sex
1168 4131 1362 4205 mensibus
1385 4155 1493 4206 mens
1516 4158 1605 4208 sena
1625 4153 1758 4212 nostro

98 4265 293 4349 interdum
311 4262 423 4337 rediit
430 4287 442 4347 3
475 4261 559 4351 sed,
586 4288 656 4358 pro
678 4261 806 4338 dolor!
830 4282 914 4338 tum
934 4265 1072 4340 lucidis
1086 4236 1304 4336 'intervallis
1324 4259 1403 4334 auis
1421 4285 1501 4334 non
1519 4280 1575 4336 est
1595 4266 1757 4364 gavisus,

96 4395 166 4468 sed
186 4411 304 4466 totam
321 4388 567 4464 calamitatem
583 4413 691 4494 suem
710 4408 748 4462 et
764 4391 1015 4467 miserandam
1034 4408 1173 4466 sortem
1188 4389 1340 4486 penitus
1360 4389 1488 4462 animo
1508 4393 1637 4483 sensit,
1654 4396 1758 4466 dolo·

97 4545 254 4622 remque
273 4517 437 4594 lacrimis
453 4511 651 4593 ub‘errimis
673 4517 855 4616 profudit.
907 4521 978 4596 Sed
1001 4533 1206 4617 pectorum
1228 4516 1306 4591 fere
1328 4539 1471 4591 annum
1486 4515 1543 4589 ibi
1557 4535 1683 4592 mente
1703 4519 1756 4594 ita

932 4634 969 4702 D
986 4649 1008 4704 2
