4466 6000
850 553 1004 580 ...-
1355 567 1369 578 .
1715 553 1759 630 ,3

91 719 249 799 Donec
238 750 278 797 ιιι
288 711 355 797 illo
365 718 692 822 ludoamagistris,
706 702 958 800 Heerwagemo
967 699 1062 780 ttW
1057 700 1289 804 esselloesno
1278 705 1474 780 institutus
1485 719 1551 793 est,
1559 701 1766 774 mercedula

93 879 139 924 ex
165 855 378 928 humilibus
403 850 640 937 ministeriis,
666 866 760 942 quae
783 835 866 908 aliis
890 831 1116 927 praestabat,
1143 835 1321 906 redeunte
1342 852 1378 906 et
1395 833 1539 907 victum
1561 849 1599 904 et
1612 830 1767 904 libellos

92 980 327 1054 necessarios
344 979 417 1052 sibi
436 975 590 1074 paravit.
641 979 722 1048 Nos
737 965 812 1063 ipsi
827 957 1083 1047 meminimus,
1100 983 1187 1032 eum
1202 961 1498 1057 cumvoluptate
1514 959 1673 1057 quadam
1687 980 1770 1030 nar·

91 1129 189 1193 rare,
215 1106 357 1178 librum
378 1105 553 1198 aliquem
579 1099 647 1197 qui
672 1099 718 1168 de
739 1093 819 1166 vita
837 1086 1009 1176 Terentii,
1036 1091 1363 1188 Franoogallorum
1380 1089 1485 1162 ducis
1500 1087 1638 1176 bellici,
1656 1111 1769 1185 expo-

92 1251 224 1321 neret,
256 1233 372 1304 suisse
395 1228 571 1324 omnium
594 1227 779 1322 primurn,
808 1239 920 1314 quem
945 1213 1066 1285 isthac
1087 1215 1296 1307 mercedula
1319 1232 1500 1314 parassem
1532 1235 1656 1287 carum
1680 1213 1766 1300 sibi,

95 1356 204 1451 quod
227 1357 369 1452 primos
386 1353 509 1426 studii
528 1345 781 1423 mathematici
802 1341 992 1439 igniculos
1012 1341 1053 1410 in
1076 1363 1115 1413 se
1142 1344 1344 1416 excitasset.
1398 1345 1602 1416 Enimvero
1619 1365 1709 1416 ιιιοιι
1725 1343 1768 1412 in

98 1481 291 1552 adultiora
313 1478 483 1576 pueritia,
511 1496 547 1550 et
561 1477 717 1576 ingenio
730 1495 799 1546 suo
816 1485 853 1541 et
868 1469 1150 1564 opportunitate
1161 1470 1235 1543 loci
1250 1471 1445 1559 excitante,
1467 1469 1514 1541 ad
1528 1470 1582 1542 rei
1593 1462 1770 1541 nauticas

87 1589 274 1678 ¹studium
297 1607 452 1694 delatus,
491 1606 580 1677 huic
602 1602 712 1674 unice
732 1621 867 1673 vacare
881 1595 1036 1690 eiusque
1057 1595 1202 1667 ratione
1225 1615 1261 1668 et
1285 1597 1455 1669 doctrina
1479 1612 1576 1668 recte
1590 1611 1769 1692 percepta

97 1707 233 1808 nautis
247 1733 287 1805 in
305 1733 502 1805 itineribus
517 1729 715 1801 maritimis
730 1747 878 1820 operam
894 1737 1079 1816 praestare
1095 1721 1193 1817 apud
1210 1725 1380 1796 animum
1397 1725 1605 1796 coustituit.
1648 1717 1770 1820 Quare

94 1857 143 1928 ad
169 1873 288 1928 artem
308 1858 466 1937 navium
490 1851 816 1952 gubernandarum
845 1843 972 1919 studio
1005 1869 1075 1916 suo
1100 1849 1488 1942 comprehendendam
1512 1847 1769 1924 Fraclrtaichlio

92 1981 250 2052 cuidam
270 1981 314 2052 in
336 1980 574 2077 disciplinam
595 2003 675 2052 sese
696 1973 868 2061 tradidit,
890 1971 1077 2069 quiillam
1092 1995 1157 2070 per
1173 1977 1313 2048 multos
1331 1999 1453 2047 annos
1467 1974 1678 2073 Hamburgi
1696 1976 1772 2047 iant

92 2106 278 2203 privatim
302 2108 485 2179 docuerat.
494 2107 527 2202 Ι·)
579 2105 650 2179 Sed
672 2127 790 2201 quum
813 2115 915 2173 totus
941 2102 985 2172 in
1005 2101 1074 2174 illo
1097 2101 1226 2174 studio
1249 2101 1489 2190 detineretur,
1514 2102 1640 2198 itaque
1663 2101 1709 2172 ad
1730 2123 1772 2172 ea

96 2237 406 2334 progrederetur,
431 2234 567 2330 quibus
585 2231 658 2335 illa¹
672 2254 731 2302 ars
750 2245 929 2323 tanquam
951 2227 1210 2302 fundamentis
1230 2231 1309 2303 stris
1326 2231 1481 2315 nititur3
1515 2232 1583 2302 hac
1595 2231 1676 2326 ipsa
1693 2247 1771 2301 arte

97 2361 196 2432 duce
209 2363 259 2433 ad
280 2361 546 2434 Astronomiae
568 2359 733 2454 primum
757 2371 794 2426 et
815 2339 1141 2451 Trigonometriae
1163 2354 1373 2450 sphaericae
1396 2354 1520 2428 studia
1545 2339 1603 2428 esi
1616 2357 1772 2446 delatus.

98 2487 159 2556 Ad
180 2511 277 2581 quae
299 2485 551 2582 persequenda
576 2497 693 2578 quum
712 2481 855 2554 videret
876 2475 1116 2570 Geometriac,
1143 2493 1255 2578 qu‘am
1270 2503 1401 2577 puram
1419 2482 1561 2570 dicunt,
1587 2482 1770 2579 cognitio·

94 2636 192 2682 nem
207 2609 384 2680 idoneam
401 2610 551 2704 requiri,
561 2629 652 2677 mox
667 2605 777 2674 etiam
793 2605 949 2674 adhunc
962 2605 1243 2697 perdiscendam
1261 2625 1412 2676 omnem
1430 2629 1580 2701 operam
1595 2599 1770 2682 contulit.

103 2745 237 2832 ltaque
252 2735 404 2808 tandem
419 2758 461 2806 eo
478 2731 640 2819 devenit,
657 2730 758 2800 unde
773 2727 1040 2826 egrediendum
1056 2729 1131 2824 ipsi
1145 2727 1286 2814 furratr
1315 2755 1408 2827 quae
1433 2750 1489 2805 est
1507 2731 1585 2806 fere
1606 2735 1775 2807 conditio

102 2889 250 2950 eorum,
276 2863 341 2958 qui
362 2859 517 2959 ingenio
531 2881 610 2956 ‘suo
636 2855 682 2928 ad
701 2855 894 2927 literarum
917 2853 1040 2928 studia
1065 2857 1225 2946 excitati,
1250 2852 1294 2929 in
1317 2857 1366 2932 iis
1386 2851 1587 2934 tractandis
1608 2862 1775 2959 sibiipsi

94 2991 218 3061 :duces
233 3005 325 3060 sunt
341 3004 378 3057 et
392 2974 571 3078 auspi'c‘es.
622 2989 746 3077 Quum
762 2979 880 3076 igitur
895 2981 1062 3054 subsidia
1077 2983 1164 3056 artis
1180 3006 1301 3080 neque
1315 2981 1476 3074 haberet,
1500 3003 1622 3084 neque
1634 3001 1774 3074 nosset,

98 3111 262 3184 nemine
281 3109 542 3204 suppeditante
564 3107 625 3178 vel
648 3105 981 3189 monumentarii:
1008 3107 1106 3176 ultr'a
1131 3109 1351 3178 tenuitatem
1374 3108 1549 3182 scientiae
1569 3113 1771 3184 mathema-

106 3243 203 3312 ticae
233 3257 270 3310 et
295 3237 392 3307 ultra
418 3232 675 3331 cognitionem
697 3253 823 3301 earum
843 3251 968 3300 retum
987 3222 1141 3326 inopem
1163 3249 1200 3302 et
1224 3231 1397 3328 exiguam
1420 3251 1519 3306 esset
1537 3229 1769 3332 progressus,
1806 3263 1810 3269 ·
1915 3251 1916 3254 ’

98 3391 206 3462 Ι(ιιιιιιι
227 3364 273 3436 id
293 3387 407 3434 usum
429 3360 517 3431 artis
537 3359 580 3428 in
594 3359 670 3431 vita
688 3359 983 3454 qualemcunque
998 3351 1162 3428 sufficere
1177 3373 1370 3452 putantur,
1386 3375 1423 3429 et
1438 3375 1596 3455 quarum
1612 3363 1769 3436 scicntia

107 3491 284 3587 instructi
307 3488 459 3584 quidam
483 3509 521 3558 se
544 3505 701 3581 magnos
724 3463 1044 3554 Mathemathicos‘
1062 3482 1244 3572 iactitant,
1266 3483 1344 3556 nisi
1358 3482 1455 3557 forte
1470 3481 1636 3578 fortuna,
1662 3487 1770 3564 coitis

99 3618 222 3688 etiam
236 3615 358 3709 aliqua
372 3635 456 3706 pars
472 3627 529 3681 est
547 3611 588 3682 in
613 3607 822 3680 formandis
846 3606 1027 3706 ingeniis,
1050 3625 1087 3679 et
1108 3609 1170 3680 cui
1194 3611 1285 3682 adeo
1309 3607 1351 3682 in
1375 3609 1494 3687 literis
1517 3639 1666 3713 quoque
1687 3641 1769 3694 non

95 3765 225 3835 pauca
241 3737 460 3824 debemus,
443 3761 485 3806 ιιι
500 3735 675 3806 notitiam
689 3731 946 3808 Mathematici
962 3735 1130 3822 alicuius,
1154 3735 1321 3808 hominis
1344 3739 1605 3829 umbratilis,
1592 3768 1634 3813 ιιι
1649 3769 1688 3817 re
1694 3769 1771 3818 --an

113 3885 223 3965 gusta
245 3883 282 3936 et
301 3863 408 3935 tenui
427 3863 470 3932 in
494 3862 587 3932 urbe
599 3879 726 3934 nostra
740 3879 821 3932 tum
837 3861 1015 3950 viventis,
1030 3859 1207 3935 venisset.
1260 3862 1333 3936 llic
1346 3859 1669 3963 flagrantissimam
1681 3872 1769 3945 doc-

112 3991 232 4062 trinae
245 3942 512 4085 cupiditatem
500 3987 649 4059 iuvenis
665 3987 787 4060 nostri
806 3989 1004 4076 admirans,
1014 3989 1191 4084 idemque
1203 3987 1503 4066 animadvertens
1523 3991 1565 4064 ln
1580 4017 1627 4066 eo
1642 3993 1770 4097 cogni·

113 4117 260 4190 donem
272 4119 396 4189 reriun
409 4115 755 4187 mathematicarum
765 4114 909 4190 variam
922 4119 1077 4215 quidem
1090 4135 1127 4190 et
1141 4119 1411 4216 multiplicem,
1432 4147 1553 4222 neque
1567 4141 1691 4200 tamen
1708 4126 1771 4205 via

110 4297 445 4318 m

137 4423 140 4430 ·
184 4405 222 4484 ')
243 4405 376 4486 Scripsit
395 4407 451 4467 hic
470 4409 567 4467 etiam
588 4399 754 4478 libellum,
775 4411 832 4490 qni
846 4407 890 4474 ita
905 4411 1111 4474 inscribitur:
1137 4403 1339 4474 Vorbeeidan
1359 4437 1397 4476 eu
1416 4409 1541 4496 ngeln
1562 4439 1607 4499 op
1620 4418 1688 4482 Zea
1707 4415 1770 4484 dart
1861 4435 1864 4443 '

241 4533 370 4576 waareu
384 4513 454 4595 Tyd
468 4535 507 4576 cn
516 4515 609 4576 Zona
627 4517 779 4580 Aaimuth
794 4532 827 4580 te
841 4523 941 4584 vinde
958 4524 1040 4588 door
1053 4523 1087 4586 J.
1102 4522 1138 4586 J,
1153 4517 1583 4612 Fruclttaicltt.'l1amburgi
1601 4541 1690 4608 179⁰·
