4466 6000
849 545 1003 593 ········
1710 539 1757 636 ss

100 705 237 803 possit,
267 724 376 802 quam
400 723 442 778 rt
462 702 505 776 in
530 702 681 801 reliquis
702 699 813 774 rebus
835 695 1011 772 humanis
1034 713 1073 770 et
1092 695 1235 774 divinis
1252 723 1292 772 se
1314 698 1357 775 iri
1381 698 1545 776 diversas
1566 699 1763 802 cogitandi

99 831 238 904 iormas
258 833 414 906 induero
435 852 472 906 et
491 836 570 908 vias
591 833 851 926 rationesque,
883 825 1020 924 quibus
1041 841 1119 898 tam
1135 825 1237 902 varie
1253 825 1297 898 iu
1316 827 1365 898 iis
1382 829 1593 902 aberratum
1608 827 1660 902 sit
1672 853 1759 908 cum

98 957 238 1030 caussis
250 957 330 1031 stus
345 959 503 1054 reperire
517 953 732 1030 condiscat?
764 960 819 1027 Ita
837 952 940 1025 euim
955 971 1174 1052 assequetur
1186 955 1269 1043 hoc,
1284 971 1328 1028 vt
1342 954 1465 1045 rebus,
1491 981 1584 1054 quae
1601 957 1757 1033 demon·

96 1065 514 1158 strationiseuincentis
541 1082 786 1155 subtilitatem
808 1103 889 1151 non
911 1079 1137 1169 admittunt,
1170 1060 1385 1171 issensum,
1417 1081 1497 1154 sola
1520 1082 1759 1181 antiquitatis

97 1212 315 1284 auctoritate
335 1211 473 1286 scilicet
492 1209 864 1306 dininaqsubnixum,
890 1210 1013 1305 neque
1030 1208 1112 1305 ipse
1128 1208 1317 1304 praebeat,
1346 1233 1469 1306 neque
1489 1209 1535 1280 ab
1551 1211 1639 1284 aliis
1656 1235 1759 1308 prae·

95 1339 177 1412 beri
199 1358 344 1436 poscam
375 1337 635 1436 aquoiupuu're
654 1335 914 1410 Mathematici
938 1333 1057 1431 aliqui
1082 1335 1311 1407 celeberrimi
1332 1337 1434 1410 haud
1456 1335 1570 1408 alieni
1590 1334 1757 1415 fuerunt.

97 1473 218 1564 Quem
240 1468 342 1538 enim
364 1464 482 1563 fugit,
496 1465 690 1564 ‘quosdam
712 1489 842 1536 corum
862 1461 1078 1536 formularis
1098 1463 1328 1562 theologiae,
1359 1463 1479 1560 qualis
1502 1463 1767 1560 superioribus

97 1595 234 1666 seculis
256 1590 492 1682 tradebatur,
525 1592 679 1666 decretis
703 1591 954 1689 quibusdam,
986 1590 1126 1664 rationi
1147 1607 1268 1663 rectae
1288 1591 1604 1690 repugnantibus,
1636 1615 1760 1691 nequa

95 1721 176 1794 vilo
192 1717 440 1794 fundamento
455 1719 695 1818 grammatico
709 1737 774 1790 aut
787 1720 965 1790 historico
981 1719 1094 1805 nixis,
1110 1717 1348 1813 pertinaciter
1365 1743 1558 1793 assensum
1572 1719 1762 1818 praebuit·

96 1843 611 1938 re,quosdamapoca1ypticis
621 1842 713 1913 adeo
729 1841 889 1913 somniis
906 1859 942 1914 et
954 1843 1277 1938 phantasmatibus
1293 1842 1490 1914 horrendis
1504 1850 1583 1914 esse
1597 1847 1761 1936 delusos,

95 1968 189 2040 alios
208 1968 370 2064 denique
384 1969 615 2068 Astrqlogiae
629 1986 667 2040 et
676 1967 886 2042 Alchemiae
900 1987 1072 2064 portenta
1086 1969 1214 2042 studio
1232 1993 1301 2042 suo
1318 1991 1397 2042 esse
1411 1967 1652 2066 complexos?
1679 1975 1763 2046 Mt·

93 2095 317 2168 thematicua
332 2119 438 2184 vero,
464 2095 717 2194 philologicae
726 2093 948 2191 disciplinae
961 2100 1155 2186 alumnus,
1180 2119 1400 2194 persuasum
1414 2095 1542 2192 potius
1562 2095 1636 2170 sibi
1651 2097 1763 2172 habe·

93 2223 161 2312 bit,
187 2223 233 2295 in
248 2223 357 2296 rebus
379 2223 652 2320 probabilitatis
674 2240 713 2294 et
728 2221 1085 2298 verisimilitudinis
1105 2223 1181 2324 legi
1199 2222 1376 2297 subiectis
1396 2223 1465 2295 hac
1484 2223 1566 2322 iege
1585 2223 1666 2296 soit
1686 2245 1761 2302 not

94 2367 191 2425 stare
208 2348 357 2437 debere,
383 2351 456 2420 hoc
471 2367 544 2437 est,
569 2373 650 2420 nou
667 2349 744 2420 nisi
759 2323 868 2420 sanae
881 2349 1039 2424 rationis
1054 2368 1091 2424 et
1107 2350 1354 2442 conscientiae
1369 2349 1506 2446 recti')
1521 2349 1631 2448 qussi
1646 2349 1761 2426 armi·

93 2477 268 2548 munitos
286 2499 352 2572 per
367 2475 595 2547 diversarum
611 2492 648 2546 et
663 2475 956 2572 repugnantium
971 2475 1199 2571 opinionum
1215 2475 1364 2546 turbam
1384 2473 1431 2544 ad
1453 2475 1618 2548 veritatis
1637 2499 1759 2552 arcem

93 2603 198 2676 eniti.
254 2603 353 2700 Quid
367 2593 482 2682 reroi
506 2621 624 2696 quum
640 2616 677 2670 et
691 2599 933 2672 historiarum
948 2602 1076 2672 studio
1095 2615 1133 2670 et
1149 2601 1375 2694 scriptorum
1389 2597 1578 2672 variorum
1593 2617 1631 2673 et
1649 2623 1758 2700 saepe

95 2727 300 2802 admodum
317 2717 548 2800 diversorum
565 2724 871 2820 interpretatione
887 2726 1006 2800 varias
1024 2725 1190 2798 eiusdem
1208 2723 1263 2796 rei
1280 2724 1499 2822 cogitandae
1516 2721 1676 2815 iomtas,
1700 2727 1759 2800 iu·

95 2855 203 2928 finita
222 2854 334 2926 stiam
350 2851 577 2949 opinionum
597 2874 839 2948 errorumque
857 2871 1025 2928 monstra
1041 2852 1276 2955 cognoverit,
1302 2850 1530 2950 modosque,
1556 2852 1693 2950 quibus
1709 2853 1759 2928 ad

93 2981 161 3054 illa
174 2980 318 3076 delapsi
332 2980 410 3052 sint
425 2977 610 3063 homines,
630 2994 667 3048 et
681 2977 857 3067 renones,
876 2983 1012 3076 quibus
1028 2997 1232 3058 sustentata
1254 2981 1344 3068 sint,
1369 2979 1609 3077 perspexerit,
1625 3003 1756 3056 uonna

93 3124 237 3204 praeter
251 3104 465 3176 facultatem
482 3127 520 3174 se
540 3101 650 3174 facile
664 3101 706 3170 in
722 3101 883 3174 aliorum
903 3106 1093 3206 ocgitaudi
1114 3107 1254 3178 formas
1274 3107 1498 3176 insinuandi
1516 3123 1756 3205 mentemque

94 3257 226 3306 eorum
244 3231 446 3320 induendi,
473 3254 618 3316 nonne,
643 3229 811 3326 inquam,
834 3247 977 3326 praeter
995 3231 1196 3330 ingenium
1216 3229 1407 3300 tractabile
1424 3246 1461 3302 et
1480 3234 1756 3329 propemodum

95 3361 257 3433 dixerim
276 3383 424 3456 sequax,
450 3359 562 3430 etiam
582 3357 751 3430 animum
769 3359 813 3429 in
831 3355 997 3433 ferendis
1013 3361 1174 3432 aliorum
1196 3355 1443 3454 opinionibus
1465 3359 1591 3431 lenem
1609 3377 1648 3432 et
1666 3359 1755 3435 iaci·

93 3489 172 3560 lem
190 3503 227 3558 et
243 3486 288 3557 ed
303 3507 443 3556 errores
460 3507 589 3556 eorum
609 3484 837 3557 exmsandos
855 3509 1085 3584 propensum
1102 3511 1147 3558 ex
1166 3485 1245 3558 iliis
1266 3483 1479 3558 studiorum
1500 3487 1755 3562 contentioni·

93 3613 165 3685 bus
182 3630 359 3708 tanquam
374 3610 496 3704 spolia
513 3610 639 3706 opima
653 3611 882 3706 reportabit?
908 3619 1039 3710 Neque
1054 3613 1157 3715 enim
1176 3608 1303 3700 omnia
1319 3611 1494 3684 omnium
1509 3613 1628 3687 suinai
1647 3635 1755 3690 senta

94 3759 132 3816 et
150 3739 284 3836 placita
298 3738 345 3808 ad
360 3737 473 3808 unius
495 3737 736 3834 eiusdemque
754 3717 890 3812 decreti
904 3742 1071 3837 regulam
1086 3737 1319 3856 dimletietur,
1343 3736 1408 3808 sed
1424 3737 1586 3814 ‚aliarum
1601 3763 1754 3838 quoquo

94 3865 299 3936 muitamm
320 3885 461 3948 rerum,
487 3863 736 3953 adsumtionis,
763 3866 1064 3954 consuetudinis,
1093 3888 1245 3937 morum
1268 3861 1448 3951 civitatis,
1474 3863 1673 3962 regionmn
1694 3866 1753 3938 in·
1853 3960 1859 3968 ι

95 3989 213 4080 dolis,
238 3989 338 4063 caeli·
349 4000 518 4077 naturae,
545 3987 694 4084 imperii
714 4015 974 4090 sacrorumque
995 3989 1197 4079 formulae,
1219 3990 1262 4060 iu
1286 3987 1495 4085 exputanda
1518 3990 1654 4065 erroris
1669 4017 1755 4089 peo-

96 4118 240 4214 catique
256 4119 379 4212 culpa,
405 4115 590 4187 rationem
611 4113 825 4190 habendam·
840 4141 918 4192 esse
939 4119 1186 4192 arbitrabitur.
1201 4155 1253 4175 -
1277 4115 1378 4213 Quid
1390 4137 1478 4190 vero
1496 4113 1617 4189 dicam
1630 4115 1678 4195 tit
1694 4119 1748 4209 si,

158 4293 195 4376 *)
222 4267 395 4380 Eg'regiuin
418 4295 532 4358 iocum'
556 4293 695 4359 Senecae
714 4293 874 4382 epictii.
895 4299 949 4362 hic
970 4273 1224 4363 commemorare
1238 4287 1354 4358 liccat:
1381 4315 1487 4376 prope
1506 4277 1593 4360 asiis
1610 4307 1644 4360 te
1658 4298 1749 4372 daus}

222 4419 324 4470 tetram
341 4417 407 4476 est,
428 4407 516 4464 intus
535 4419 605 4468 ests
633 4384 727 4470 sacer
743 4409 834 4470 intro
853 4431 914 4472 nos
928 4410 1067 4490 spiritus
1086 4407 1194 4480 sedet.
1214 4403 1371 4469 nidorum
1386 4402 1601 4490 tonsumque
1617 4421 1745 4474 nostro·

222 4535 293 4580 rura
307 4515 502 4580 observator
516 4527 550 4576 et
569 4527 689 4581 uastos.
721 4517 817 4582 Coni.
832 4519 899 4584 Cic.
910 4517 953 4582 N.
968 4517 1009 4581 D.
1025 4529 1057 4596 3,
1073 4515 1125 4594 36.
1675 4521 1682 4534 '

923 4619 955 4688 B
