4466 6000
1256 569 1408 592 *u

480 590 537 648 '2⁴2

489 738 614 810 timae.
658 725 834 806 Mandata
850 728 894 802 ab
909 725 969 799 his
984 727 1301 819 subirulerecepta
1314 719 1491 795 cunrfide
1505 739 1542 796 et
1556 724 1748 827 diligentia
1764 737 2092 822 persequutusest.
2107 763 2168 784 -

491 862 669 938 Privatim
691 848 815 930 autem
837 857 1043 930 Brischium
1067 879 1177 928 suum
1202 851 1376 921 adinrare
1397 849 1439 920 in
1464 856 1640 928 omnibus
1657 855 1735 925 eius
1752 852 1942 924 laboribus
1957 877 2168 950 nunquam

493 991 652 1077 destitit,
686 987 728 1056 in
764 986 901 1084 quibus
936 987 998 1056 lric
1032 1009 1111 1056 non
1146 1003 1260 1078 pauca
1293 977 1621 1077 Brodhagcnianae
1654 981 1842 1054 doctrinae
1874 997 1911 1052 et
1946 981 2169 1054 industriae

483 1139 635 1216 accepta
661 1115 809 1189 refert.
2216 1191 2217 1200 ,

595 1257 696 1322 llaec
725 1243 975 1342 Brodhagenii
1004 1243 1064 1314 sui
1093 1243 1138 1312 de
1161 1264 1201 1312 se
1222 1237 1353 1311 merita
1376 1253 1477 1334 grata
1499 1257 1645 1312 mente
1639 1241 1812 1312 recolens
1835 1238 2069 1312 venerandus
2089 1239 2167 1310 illo
2216 1227 2217 1300 l

496 1407 609 1456 senex
622 1377 719 1448 nihil
738 1375 856 1472 mag'is
872 1374 912 1442 in
930 1371 1041 1444 votis
1046 1369 1202 1442 habebat
1204 1391 1337 1462 ,quam
1353 1367 1520 1438 utillum
1536 1393 1627 1440 mox
1639 1391 1793 1440 munere
1808 1367 1960 1462 publico
1980 1384 2165 1438 ornatum
2216 1363 2217 1382 ¹

495 1511 647 1591 rideret,
666 1505 766 1600 quod
782 1520 818 1572 et
835 1501 879 1572 ad
895 1501 1079 1571 honorem
1096 1514 1133 1568 et
1148 1496 1192 1566 ad
1208 1493 1441 1590 stipendium
1457 1495 1544 1566 satis
1560 1497 1728 1591 amplum
1743 1511 1850 1582 esset,
1860 1512 1908 1566 ut
1920 1495 2163 1566 institutioni

489 1633 703 1708 'iuventutis
721 1648 757 1700 et
770 1627 889 1699 literis
907 1627 984 1698 suis
1005 1649 1129 1696 secure
1146 1622 1415 1716 commodeque
1439 1640 1567 1718 posset
1586 1647 1724 1696 vacare.
1770 1624 1954 1720 -Quocirca
1972 1627 2163 1697 Birsclrius

488 1759 750 1854 ‚illustrissimo
774 1750 1048 1844 Hardenbargio,
1073 1769 1156 1820 tum
1172 1748 1288 1820 Ducis
1308 1749 1648 1825 Brunovicansiurn
1663 1751 1707 1822 in
1723 1752 1833 1822 rebus
1848 1753 2100 1826 ecclesiasticis
2120 1773 2161 1826 et

497 1885 737 1976 scholasticis,
763 1883 838 1952 iam
858 1881 965 1978 Regis
976 1879 1247 1950 -Borussiarum
1263 1875 1306 1946 in
1321 1876 1464 1947 bellicis
1480 1877 1589 1982 rebus
1603 1896 1640 1950 et
1656 1879 1838 1949 reditibus
1854 1877 2009 1972 publicis
2025 1904 2162 1950 curan-

497 2021 555 2092 'dis
573 2011 793 2102 administro
810 2030 958 2080 summo
975 2004 1234 2078 commendare
1250 2021 1424 2076 nostrum
1439 2005 1533 2076 olim
1549 2010 1675 2098 (1737)
1694 2007 1792 2077 haud
1809 2003 2005 2094 dubitauit,
2016 2026 2160 2082 uceum

493 2141 660 2240 Jttegelii,
678 2165 723 2210 ex
738 2136 919 2209 academia
936 2131 1229 2206 Helmstadiensi
1244 2132 1286 2202 in
1301 2135 1503 2206 Halensem
1519 2134 1701 2222 abeuntis,
1725 2137 1809 2206 loco
1826 2135 2018 2208 Mathesin
2029 2137 2076 2206 -in
2087 2137 2159 2209 illa

488 2272 678 2348 academia
695 2245 1031 2364 profiteri'iuberet.
1079 2267 1134 2333 'Et
1154 2257 1391 2332 satisfecisset
1407 2257 1581 2334 fortassis
1604 2261 1907 2362 Hardenbergius
1928 2263 1999 2337 viri
2019 2265 2158 2359 optimi

496 2398 702 2486 voluntati,
736 2395 810 2464 nist
799 2389 1005 2500 'Pseffium
1039 2387 1244 2458 doctiorem
1266 2394 1519 2476 Geometram,
1551 2387 1875 2482 aLicteabergr‘o,
1902 2388 2152 2490 Gottingonsl,

492 2523 732 2624 sagacissimo
747 2516 989 2614 ingeniorum
1007 2514 1159 2602 arbitro,
1181 2513 1255 2585 sibi
1273 2516 1453 2590 traditum
1468 2514 1749 2612 praeferendum
1766 2534 1943 2658 putaqset.
1992 2523 2044 2590 Et
2059 2537 2157 2590 recte

497 2646 669 2752 quidem!
721 2651 820 2716 Nam
835 2640 906 2712 etsi
921 2636 1071 2710 Pfallius
1084 2657 1167 2710 turn
1185 2640 1336 2710 adhuc
1318 2641 1474 2712 iuvenis
1490 2657 1577 2727 erat,
1599 2623 1877 2748 annosviginti
1894 2659 1930 2714 at
1942 2643 2016 2717 duo
2030 2663 2154 2734 natus,

496 2805 617 2894 spem
624 2794 749 2880 tamen
772 2765 1083 2864 prolatandorum
1102 2764 1333 2836 Matheseos
1330 2766 1507 2838 n'finium
1496 2790 1572 2837 ram
1594 2767 1741 2862 scriptis
1767 2769 2010 2858 excitaverat,
2041 2798 2155 2868 quant

459 2977 462 2984 ,
487 2903 743 2978 cummaxime
763 2896 906 2992 implet.
958 2891 1028 2964 Sed
1051 2890 1223 2986 pluribus
1246 2895 1355 2966 annis
1376 2893 1579 2966 interiectis
1601 2895 1811 2983 Biischius,
1807 2921 1862 2969 ne
1876 2897 2084 2972 facultatem
2099 2927 2158 2974 re·

495 3028 688 3120 tribuendi
710 3021 933 3118 dignissimo
958 3019 1114 3089 alumno
1136 3017 1347 3091 beneficia
1336 3045 1377 3088 ιιι
1401 3043 1441 3090 se
1463 3021 1594 3090 collata
1615 3045 1717 3093 mors
1732 3022 1891 3118 inopina
1907 3026 2154 3122 interciperet,

494 3146 865 3231 nratnrecavendum
887 3141 959 3230 sibi
983 3141 1141 3246 putavit.
1220 3149 1339 3238 Quare
1362 3169 1480 3240 quum
1496 3163 1654 3240 propter
1674 3149 1872 3220 oculorum
1893 3152 2156 3229 infirmitatem

492 3311 574 3360 non
589 3279 749 3374 amplius
763 3270 939 3388 omnibus
954 3271 1301 3376 muneris-‚partibus
1316 3271 1521 3348 satisfacere
1539 3297 1578 3345 se
1588 3299 1703 3376 ⁴posse
1713 3277 2154 3372 arbitrareturlliischius,

493 3409 666 3512 quamvis
689 3397 906 3492 ceteroquin
928 3413 964 3466 et
976 3396 1130 3492 ,ingenii
1155 3416 1191 3469 ct
1211 3399 1375 3494 corporis
1391 3399 1535 3472 viribus
1552 3401 1596 3470 ad
1614 3425 1767 3477 curnem
1782 3404 1879 3481 vitae
1898 3407 2083 3484 actionem
2096 3407 2155 3482 vi.

466 3542 623 3640 .gebat;
645 3533 690 3604 ad
706 3537 925 3600 Curatorunr
945 3549 997 3594 ret
986 3523 1247 3598 scholasticae
1259 3527 1461 3600 consilium
1473 3551 1575 3601 anno
1593 3529 1708 3600 seculi
1720 3531 1891 3624 proxime
1907 3537 2022 3630 elapsi
2038 3561 2155 3608 nona·

489 3667 637 3782 gesimo
655 3678 690 3731 et
706 3672 810 3728 sexto
831 3652 879 3742 (d.
901 3674 948 3724 eo
961 3655 1200 3745 Septembris)
1221 3657 1344 3726 literas
1361 3653 1475 3742 dedit,
1490 3655 1639 3750 quibus,
1650 3673 1700 3726 ut
1716 3658 2019 3757 lirodlragenius
2006 3689 2047 3736 ιιι
2063 3690 2158 3760 pro-

493 3789 662 3872 fessorio
666 3810 730 3868 mn
734 3804 820 3852 nere
835 3778 907 3850 sibi
923 3779 1141 3866 succederet,
1162 3786 1369 3879 exoptabat,
1395 3783 1569 3888 diligenti
1586 3786 1910 3860 commendatione
1924 3792 2057 3862 samin
2072 3818 2156 3866 rem

494 3923 677 4001 adiuncta.
715 3915 798 3988 Hoc
814 3906 941 4002 colleg*
909 3929 1012 3974 erum
1022 3907 1143 4000 probe
1159 3933 1328 4006 gnarum,
1345 3937 1505 3986 omnem
1512 3912 1733 3993 erudiendae
1742 3913 1917 4026 beneque
1933 3921 2157 3994 excolendae

493 4037 718 4155 iuventutis
723 4029 944 4104 cardinem
933 4055 974 4105 tn
996 4015 1142 4102 delectu
1167 4037 1447 4133 magistrorum,
1484 4041 1670 4128 doctrina,
1692 4041 1884 4114 industria
1905 4061 1942 4114 et
1964 4047 2156 4139 probitate

492 4163 760 4272 praestantium
779 4159 905 4244 verti,
911 4175 1039 4252 optato
1059 4163 1210 4231 lliiscbii
1217 4165 1478 4262 obtemperare
1492 4191 1571 4243 non
1588 4167 1793 4257 dubitavit,
1809 4167 1862 4238 ita
1881 4186 1923 4238 ut
1937 4173 2157 4273 Brodhage-

493 4301 604 4372 nium
625 4295 659 4364 d.
672 4317 695 4362 ι
708 4285 897 4360 Februarii
919 4287 1009 4358 anni
1030 4283 1120 4380 1797
1132 4289 1384 4383 professorem
1398 4293 1813 4368 Mathesisadiunctum
1828 4296 2154 4382 cumiuresucce-

489 4424 627 4514 flendi,
646 4411 877 4510 suffragante
890 4419 1026 4484 Senatu
1041 4413 1326 4516 faventibusque
1341 4420 1518 4491 omnibus
1536 4419 1659 4505 bonis,
1678 4389 1882 4500 declararet.
1925 4425 2006 4503 ‚Sed
2021 4423 2155 4504 ,fautor

343 4607 347 4614 .
451 4617 455 4626 .
486 4545 779 4635 liberalissimus
796 4539 1023 4634 discipulum
1041 4545 1100 4612 sui
1116 4547 1434 4620 studiosissimum
1449 4547 1867 4648 per-trienniumtmode
1881 4554 2047 4640 muneris
2062 4579 2155 4650 cong
